<html lang="en" data-iceberg-theme="nofrills" data-mobile-menu-state="inactive" data-desktop-menu-state="inactive" data-modal-state="inactive" data-drawer-state="inactive" data-media="d3" data-loading-state="false" data-notice="inactive" data-fulfillment-mode-state="inactive" data-is-touch-enabled="false" data-theme="light" style="color-scheme: light;"><head>
        <meta charset="UTF-8">
        
            <meta name="viewport" content="width=device-width,initial-scale=1">
        
        <title>Online Grocery Shopping : Pickup &amp; Delivery</title>
        <meta name="google-site-verification" content="iEkgK_YdwVZsaq65Q3cQVt5xeImX01iPuhXG1GywFlE">
        
        
            <link rel="preconnect" href="https://data.signalayer.com">
            <link rel="preconnect" href="https://cdn.signalayer.com">
            <link rel="preconnect" href="https://t.signalayer.com">
            <link rel="preconnect" href="https://www.googletagmanager.com">
        
        <link rel="preconnect" href="https://dis-prod.assetful.loblaw.ca">
        <link rel="preconnect" href="https://cdn.contentful.com">
        <link rel="preconnect" href="https://assets.shop.loblaws.ca">
        <link rel="preconnect" href="https://d3rzy2hoo29vi.cloudfront.net">
        <link rel="preconnect" href="https://assets-platform.loblaws.ca">
        
            <link rel="preconnect" href="https://assets.loblaws.ca">
        
        
        <link rel="preload" as="script" href="https://www.nofrills.ca/resources/4764b37bd49d068b9895865c2c541b29d73075b0f5cc8"><link rel="preload" as="font" crossorigin="crossorigin" type="font/opentype" href="https://assets.loblaws.ca/pcx_bronx_fe_assets/fonts/noir/noirpro-regular.otf" fetchpriority="high">
        <link rel="preload" as="font" crossorigin="crossorigin" type="font/opentype" href="https://assets.loblaws.ca/pcx_bronx_fe_assets/fonts/noir/noirpro-semibold.otf" fetchpriority="high">

        
        <link type="image/x-icon" rel="shortcut icon" href="https://assets.shop.loblaws.ca/ContentMedia/nfr/logos/64x64icon.ico" media="all">
        <link type="image/x-icon" rel="apple-touch-icon" href="https://assets.shop.loblaws.ca/ContentMedia/pvg/icons/pcx_app_icon.jpg">
        <link type="image/x-icon" rel="android-touch-icon" href="https://assets.shop.loblaws.ca/ContentMedia/pvg/icons/pcx_app_icon.jpg">
        <link type="image/x-icon" rel="windows-touch-icon" href="https://assets.shop.loblaws.ca/ContentMedia/pvg/icons/pcx_app_icon.jpg">

        
            
            <script type="text/javascript" async="" src="https://analytics.tiktok.com/i18n/pixel/static/identify_ce1d8843.js"></script><script type="text/javascript" async="" src="https://analytics.tiktok.com/i18n/pixel/static/main.MWU2NDEzYzJiMA.js" data-id="C2EM3DIQV140ORDIO5L0"></script><script type="text/javascript" async="" src="https://analytics.tiktok.com/i18n/pixel/events.js?sdkid=C2EM3DIQV140ORDIO5L0&amp;lib=ttq"></script><script src="https://www.mczbf.com/tags/238334430579/tag.js" type="text/javascript" async="" id="cjapitag"></script><script type="text/javascript" async="" src="https://www.googletagmanager.com/gtag/destination?id=AW-10899923854&amp;l=dataLayer&amp;cx=c"></script><script type="text/javascript" async="" src="https://script.crazyegg.com/pages/scripts/0072/5611.js"></script><script type="text/javascript" async="" src="https://www.google-analytics.com/analytics.js"></script><script type="text/javascript" async="" src="https://www.googletagmanager.com/gtag/js?id=G-B9WFKJZHQ5&amp;l=dataLayer&amp;cx=c"></script><script async="" src="https://cdn.moengage.com/webpush/moe_webSdk.min.latest.js"></script><script src="https://connect.facebook.net/signals/config/408759993146884?v=2.9.161&amp;r=stable&amp;domain=www.nofrills.ca&amp;hme=e67e7d148043b3a377ad0eb1c82669792a67ba5e3bb5734b69e611ae38f939ca&amp;ex_m=68%2C115%2C102%2C106%2C59%2C3%2C95%2C67%2C15%2C92%2C85%2C49%2C52%2C163%2C166%2C178%2C174%2C175%2C177%2C28%2C96%2C51%2C74%2C176%2C158%2C161%2C171%2C172%2C179%2C124%2C39%2C33%2C136%2C14%2C48%2C184%2C183%2C126%2C17%2C38%2C1%2C41%2C63%2C64%2C65%2C69%2C89%2C16%2C13%2C91%2C88%2C87%2C103%2C50%2C105%2C37%2C104%2C29%2C25%2C159%2C162%2C133%2C27%2C10%2C11%2C12%2C5%2C6%2C24%2C21%2C22%2C55%2C60%2C62%2C72%2C97%2C26%2C73%2C8%2C7%2C77%2C46%2C20%2C99%2C98%2C100%2C93%2C9%2C19%2C18%2C82%2C54%2C80%2C32%2C71%2C0%2C90%2C31%2C79%2C84%2C45%2C44%2C83%2C36%2C4%2C86%2C78%2C42%2C34%2C81%2C2%2C35%2C61%2C40%2C101%2C43%2C76%2C66%2C107%2C58%2C57%2C30%2C94%2C56%2C53%2C47%2C75%2C70%2C23%2C108%2C190%2C189%2C191%2C196%2C197%2C198%2C194%2C186%2C125%2C128%2C127%2C155%2C185%2C187%2C116%2C130%2C149%2C138%2C143%2C180%2C122%2C222%2C109%2C120%2C121%2C223%2C157%2C113%2C129%2C117%2C146" async=""></script><script src="https://connect.facebook.net/signals/config/611159122717147?v=2.9.161&amp;r=stable&amp;domain=www.nofrills.ca&amp;hme=e67e7d148043b3a377ad0eb1c82669792a67ba5e3bb5734b69e611ae38f939ca&amp;ex_m=68%2C115%2C102%2C106%2C59%2C3%2C95%2C67%2C15%2C92%2C85%2C49%2C52%2C163%2C166%2C178%2C174%2C175%2C177%2C28%2C96%2C51%2C74%2C176%2C158%2C161%2C171%2C172%2C179%2C124%2C39%2C33%2C136%2C14%2C48%2C184%2C183%2C126%2C17%2C38%2C1%2C41%2C63%2C64%2C65%2C69%2C89%2C16%2C13%2C91%2C88%2C87%2C103%2C50%2C105%2C37%2C104%2C29%2C25%2C159%2C162%2C133%2C27%2C10%2C11%2C12%2C5%2C6%2C24%2C21%2C22%2C55%2C60%2C62%2C72%2C97%2C26%2C73%2C8%2C7%2C77%2C46%2C20%2C99%2C98%2C100%2C93%2C9%2C19%2C18%2C82%2C54%2C80%2C32%2C71%2C0%2C90%2C31%2C79%2C84%2C45%2C44%2C83%2C36%2C4%2C86%2C78%2C42%2C34%2C81%2C2%2C35%2C61%2C40%2C101%2C43%2C76%2C66%2C107%2C58%2C57%2C30%2C94%2C56%2C53%2C47%2C75%2C70%2C23%2C108" async=""></script><script async="" src="https://connect.facebook.net/en_US/fbevents.js"></script><script async="" src="https://www.googletagmanager.com/gtm.js?id=GTM-NPWHZ7F"></script><script type="text/javascript" src="https://www.nofrills.ca/resources/4764b37bd49d068b9895865c2c541b29d73075b0f5cc8"></script><script>
                !function(e,t,a,n,g){e[n]=e[n]||[],e[n].push({"gtm.start":(new Date).getTime(),event:"gtm.js"});var m=t.getElementsByTagName(a)[0],r=t.createElement(a);r.async=!0,r.src="https://www.googletagmanager.com/gtm.js?id=GTM-NPWHZ7F",m.parentNode.insertBefore(r,m)}(window,document,"script","dataLayer");
            </script>
        
        
        
        
        
        

        
        <link type="text/css" rel="stylesheet" href="https://assets.loblaws.ca/pcx_bronx_fe_prod/builds/production/3.53.6/8bd42f38/nofrills/nofrills-bundle.css" fetchpriority="high">

        
        <script async="" src="https://securepubads.g.doubleclick.net/tag/js/gpt.js"></script>
        
        <script async="true" type="text/javascript">
    function detectAdBlock() {
        const googleAdUrl = 'https://pagead2.googlesyndication.com/pagead/js/adsbygoogle.js';
        try {
            fetch(new Request(googleAdUrl)).catch(_ => dataLayer.push({'event':'AdBlocker'}));
        } catch (e) { 
            dataLayer.push({'event':'AdBlocker'}); 
        }
    }
    if (dataLayer) {
        detectAdBlock();
    }
</script>
        <script async="true" type="text/javascript">
    document.cookie = `lastVisited=${+Date.now()}; SameSite=None; Path=/; Secure; Max-Age=1707109200;`;
</script>

       
       
        
            <meta name="apple-itunes-app" content="app-id=1194066746, affiliate-data=ct=smart-app-banner&amp;pt=1384326">
            <meta name="google-play-app" content="app-id=pc.express.grocery.pickup&amp;hl=en_CA">
        
        
        
            <link rel="preload" as="font" crossorigin="crossorigin" type="font/woff2" href="https://d3rzy2hoo29vi.cloudfront.net/fonts/futura/futuraStd-heavy.woff2">
        
        
        
        
        
            
    <script src="https://cdn.cookielaw.org/scripttemplates/otSDKStub.js" data-document-language="true" type="text/javascript" charset="UTF-8" data-domain-script="018df553-d905-735a-9140-5263c8bb57dd"></script>
    <script type="text/javascript">
    function OptanonWrapper() {
        // configure UI
        if (document.getElementById('onetrust-banner-sdk') && document.getElementById("onetrust-pc-btn-handler")) {
            // Get the buttons and container
            var acceptBtn = document.getElementById("onetrust-accept-btn-handler");
            var cookieSettingsBtn = document.getElementById("onetrust-pc-btn-handler");
            var btnContainer = document.getElementById("onetrust-button-group");
            // Set the order you want below...
            btnContainer.append(acceptBtn, cookieSettingsBtn)
        }
        if (document.getElementById('onetrust-pc-sdk')) {
            //removing accept all button 
            document.getElementById('accept-recommended-btn-handler') && document.getElementById('accept-recommended-btn-handler').remove();
        }

        if (typeof OptanonWrapperCount == "undefined") {
            otGetInitialGrps();
        }

        otDeleteCookie(otIniGrps);

        function otGetInitialGrps() {
            OptanonWrapperCount = "";
            otIniGrps = OnetrustActiveGroups;
        }

        function otDeleteCookie(iniOptGrpId) {
            var otDomainGrps = JSON.parse(JSON.stringify(Optanon.GetDomainData().Groups));
            var otDeletedGrpIds = otGetInactiveId(iniOptGrpId, OnetrustActiveGroups);

            if (iniOptGrpId.length != 0 && OnetrustActiveGroups.length != 0 && iniOptGrpId.length < OnetrustActiveGroups.length && ifNewCategoryConsented(iniOptGrpId, OnetrustActiveGroups)) {
                window.location.reload();
            } else if (otDeletedGrpIds.length != 0 && otDomainGrps.length != 0) {
                for (var i = 0; i < otDomainGrps.length; i++) {
                    if (otDomainGrps[i]["CustomGroupId"] != "" && otDeletedGrpIds.includes(otDomainGrps[i]["CustomGroupId"])) {
                        for (var j = 0; j < otDomainGrps[i]["Cookies"].length; j++) {
                            var my_cookie_list = document.cookie.split("; ");
                            for (var k = 0; k < my_cookie_list.length; k++) {
                                var temp_cookie = my_cookie_list[k].split("\x3d")[0];
                                if (temp_cookie.includes(otDomainGrps[i]["Cookies"][j]["Name"]) && temp_cookie.startsWith(otDomainGrps[i]["Cookies"][j]["Name"])) {
                                    eraseCookie(temp_cookie);
                                }
                            }
                            eraseCookie(otDomainGrps[i]["Cookies"][j]["Name"]);
                        }
                        window.location.reload();
                    }
                }
            }
            otGetInitialGrps();
        }

        function otGetInactiveId(customIniId, otActiveGrp) {
            customIniId = customIniId.split(",");
            customIniId = customIniId.filter(Boolean);
            otActiveGrp = otActiveGrp.split(",");
            otActiveGrp = otActiveGrp.filter(Boolean);
            var result = [];
            for (var i = 0; i < customIniId.length; i++) {
                if (otActiveGrp.indexOf(customIniId[i]) <= -1) {
                    result.push(customIniId[i]);
                }
            }
            return result;
        }

        function ifNewCategoryConsented(customIniId, otActiveGrp) {
            customIniId = customIniId.split(",");
            customIniId = customIniId.filter(Boolean);
            otActiveGrp = otActiveGrp.split(",");
            otActiveGrp = otActiveGrp.filter(Boolean);
            return customIniId.every(v => otActiveGrp.includes(v));
        }

        function eraseCookie(name) {
            domainName = window.location.hostname;
            document.cookie = name + "=; Max-Age=-99999999; Path=/;Domain=" + domainName;
            document.cookie = name + "=; Max-Age=-99999999; Path=/;";
            // create list of domains used on all banners
            var my_domains = [
                "assets.loblaws.ca",
                "sentry-prod.loblaw.digital",
                ".contentful.com",
                ".pcexpress.ca",
                ".loblaw.ca",
                ".loblaw.digital",
                ".loblaws.ca",
                ".zuora.com",
            ];
            // get banner-specific domains
            var hostName = "nofrills";
            if (hostName === "rapid") {
                my_domains = my_domains.concat([
                    "rapid.pcexpress.ca",
                    ".rapid.pcexpress.ca",
                    "local.rapid.ca",
                    "preprod.rapid.pcexpress.ca/"
                ]);
            } else {
                my_domains = my_domains.concat([
                    "local." + hostName + ".ca",
                    "." + hostName + ".ca",
                    "www." + hostName + ".ca",
                    "www.preprod." + hostName + ".ca",
                    ".preprod." + hostName + ".ca"
                ]);
            }
            for (var k = 0; k < my_domains.length; k++) {
                document.cookie = name + "=; Max-Age=-99999999; Path=/;Domain=" + my_domains[k];
            }
            localStorage.removeItem(name);
            pathArray = window.location.pathname.split("/");
            for (var i = 0; i < pathArray.length; i++) {
                if (pathArray[i]) {
                    var currentPath = pathArray.slice(0, i + 1).join("/");
                    document.cookie = name + "=; Max-Age=-99999999; Path=" + currentPath + ";Domain=" + domainName;
                    document.cookie = name + "=; Max-Age=-99999999; Path=" + currentPath + ";";
                    document.cookie = name + "=; Max-Age=-99999999; Path=" + currentPath + "/;Domain=" + domainName;
                    document.cookie = name + "=; Max-Age=-99999999; Path=" + currentPath + "/;";
                }
            }
        }
    }
</script>


        
        
        <script>
            /* App Engine Check */
            window['ldBronxAppEngine'] = true;
            /* The cumulative app settings */
            window['ldBronxAppSettings'] = {
                appData: {"slug":"site-settings-nofrills","seoTitle":"No Frills Supermarket | Grocery shop online or instore","appBuild":"production","appVersion":"3.53.6+8bd42f38","assetUrlPrefix":"https://d3rzy2hoo29vi.cloudfront.net/builds","gcpAssetUrlPrefix":"https://assets.loblaws.ca/pcx_bronx_fe_prod/builds","useGcpAssetUrl":true,"staticAssetPath":"https://assets.shop.loblaws.ca/ContentMedia","heartbeatPollFrequency":30,"appVersionPollFrequency":300,"adobeTargetAssetPath":"https://d3rzy2hoo29vi.cloudfront.net/assets/js/at_v1.js","isAdobeTargetEnabled":false,"isAdobeAnalyticsEnabled":false,"isCookieComplianceEnabled":true,"isKameleoonEnabled":false,"adobeAnalyticsAssetPath":"https://assets.adobedtm.com/ec12e179889c41354087f1ac19e02839d7c19f0e/satelliteLib-105d18abadb6163816bb52f11c640058778e502a.js","isMarketplaceEnabled":false,"regions":[{"region":"Alberta","code":"CA-AB","defaultStoreId":"3603"},{"region":"British Columbia","code":"CA-BC","defaultStoreId":"3438"},{"region":"Manitoba","code":"CA-MB","defaultStoreId":"3050"},{"region":"New Brunswick","code":"CA-NB","defaultStoreId":"2714"},{"region":"Newfoundland and Labrador","code":"CA-NL","defaultStoreId":"2705"},{"region":"Nova Scotia","code":"CA-NS","defaultStoreId":"2706"},{"region":"Ontario","code":"CA-ON","defaultStoreId":"0289"},{"region":"Prince Edward Island","code":"CA-PE","defaultStoreId":"0386"},{"region":"Saskatchewan","code":"CA-SK","defaultStoreId":"3978"}],"faviconUrl":"https://assets.shop.loblaws.ca/ContentMedia/nfr/logos/64x64icon.ico","googleSiteVerificationCode":"iEkgK_YdwVZsaq65Q3cQVt5xeImX01iPuhXG1GywFlE","defaultStoreId":"7411","featureFlags":[{"id":"EnableHeliosSRP","key":"bronxFeatureFlagEnableHeliosSRP","status":false},{"id":"DeliveryTipping","key":"bronxFeatureFlagDeliveryTipping","status":false},{"id":"FulfillmentAutomatedRefund","key":"bronxFeatureFlagFulfillmentAutomatedRefund","status":false},{"id":"FulfillmentAutomatedRefundPhotoUpload","key":"bronxFeatureFlagFulfillmentAutomatedRefundPhotoUpload","status":false},{"id":"MealPlannerChat","key":"bronxFeatureFlagMealPlannerChat","status":true},{"id":"PCXStampCards","key":"bronxFeatureFlagPCXStampCards","status":false},{"id":"ShowPCORedemption","key":"bronxFeatureFlagShowPCORedemption","status":true},{"id":"ShowPCORedemptionOnlyInPilotStores","key":"bronxFeatureFlagShowPCORedemptionOnlyInPilotStores","status":true},{"id":"HideHomepageContentfulEntries","key":"bronxFeatureFlagHideHomepageContentfulEntries","status":true},{"id":"EnableHeliosFlyerItems","key":"bronxFeatureFlagEnableHeliosFlyerItems","status":true},{"id":"PastOrderDashboardOneClickATC","key":"bronxFeatureFlagPastOrderDashboardOneClickATC","status":false},{"id":"PCXPassCancellationSurvey","key":"bronxFeatureFlagPCXPassCancellationSurvey","status":true},{"id":"EnableCartCheckoutAccountBFFMigration","key":"bronxFeatureFlagEnableCartCheckoutAccountBFFMigration","status":true},{"id":"EnableCollectionsRichgrid","key":"bronxFeatureFlagEnableCollectionsRichgrid","status":true},{"id":"EnableV2CartService","key":"bronxFeatureFlagEnableV2CartService","status":false},{"id":"DigitalFlyerSubscriptions","key":"bronxFeatureFlagDigitalFlyerSubscriptions","status":true},{"id":"AllDealsAndFlyerForecastAd","key":"bronxFeatureFlagAllDealsAndFlyerForecastAd","status":true},{"id":"FlippFlyerV2","key":"bronxFeatureFlagFlippFlyerV2","status":true},{"id":"ShowFlyerRedesignV2","key":"bronxFeatureFlagShowFlyerRedesignV2","status":true},{"id":"EnableBffApi","key":"bronxFeatureFlagEnableBffApi","status":true},{"id":"EnableIcebergFulfillmentToast","key":"bronxFeatureFlagEnableIcebergFulfillmentToast","status":true},{"id":"EnableIcebergTopBar","key":"bronxFeatureFlagEnableIcebergTopBar","status":true},{"id":"EnableHeliosHomepage","key":"bronxFeatureFlagEnableHeliosHomepage","status":true},{"id":"EnableHitOftheMonth","key":"bronxFeatureFlagEnableHitOftheMonth","status":false},{"id":"EnableSEOSearchRelatedAndCanonicalTerms","key":"bronxFeatureFlagEnableSEOSearchRelatedAndCanonicalTerms","status":false},{"id":"NBRecyclingFee","key":"bronxFeatureFlagNBRecyclingFee","status":false},{"id":"featureFlagFaasFpsIos","key":"bronxFeatureFlagFaasFpsIos","status":true},{"id":"EnableHeliosHeroCarousel","key":"bronxFeatureFlagEnableHeliosHeroCarousel","status":true},{"id":"PCXValueCentre","key":"bronxFeatureFlagPCXValueCentre","status":true},{"id":"settingsFeatureFlagFaasFmsIos","key":"bronxFeatureFlagFaasFmsIos","status":true},{"id":"PCXValueCentreShowPCOPoints","key":"bronxFeatureFlagPCXValueCentreShowPCOPoints","status":false},{"id":"settingsFeatureFlagFaasFpsAndroidProd","key":"bronxFeatureFlagFaasFpsAndroidProd","status":true},{"id":"PCXValueCentreShopDealsLinks","key":"bronxFeatureFlagPCXValueCentreShopDealsLinks","status":false},{"id":"PDPForecastAd","key":"bronxFeatureFlagPDPForecastAd","status":false},{"id":"EnableHolidayInsidersCarousel","key":"bronxFeatureFlagEnableHolidayInsidersCarousel","status":true},{"id":"settingsFeatureFlagFaasFpsAndroid","key":"bronxFeatureFlagFaasFpsAndroid","status":false},{"id":"EnableHeliosCollectionsv2","key":"bronxFeatureFlagEnableHeliosCollectionsv2","status":true},{"id":"OrderDashboard","key":"bronxFeatureFlagOrderDashboard","status":true},{"id":"isV4TimeslotApiEnabled","key":"bronxFeatureFlagIsV4TimeslotApiEnabled","status":true},{"id":"MembersOnlyPricing","key":"bronxFeatureFlagMembersOnlyPricing","status":true},{"id":"HideFaaSToolTip","key":"bronxFeatureFlagHideFaaSToolTip","status":false},{"id":"ShowPCORedemptionPilotStorePhaseOne","key":"bronxFeatureFlagShowPCORedemptionPilotStorePhaseOne","status":true},{"id":"AdaSupportChatBot","key":"bronxFeatureFlagAdaSupportChatBot","status":true},{"id":"mediaFeatureFlagFirebaseEventsLogs","key":"bronxFeatureFlagFirebaseEventsLogs","status":false},{"id":"SearchPromoTileGAMAd2","key":"bronxFeatureFlagSearchPromoTileGAMAd2","status":true},{"id":"SearchPromoTileGAMAd1","key":"bronxFeatureFlagSearchPromoTileGAMAd1","status":true},{"id":"EnableTippingFees","key":"bronxFeatureFlagEnableTippingFees","status":false},{"id":"EnableRapidMode","key":"bronxFeatureFlagEnableRapidMode","status":false},{"id":"EnableBrowseMigrationCookieB","key":"bronxFeatureFlagEnableBrowseMigrationCookieB","status":true},{"id":"PCXPassResubscribe","key":"bronxFeatureFlagPCXPassResubscribe","status":true},{"id":"ShippingOptions","key":"bronxFeatureFlagShippingOptions","status":false},{"id":"PassVelvet","key":"bronxFeatureFlagPassVelvet","status":false},{"id":"SignaLayer","key":"bronxFeatureFlagSignaLayer","status":false},{"id":"MoEngage","key":"bronxFeatureFlagMoEngage","status":true},{"id":"FulfillmentMethodAgnostic","key":"bronxFeatureFlagFulfillmentMethodAgnostic","status":false},{"id":"PCXPassUpgradePlan","key":"bronxFeatureFlagPCXPassUpgradePlan","status":true},{"id":"HideFaaSDelivery","key":"bronxFeatureFlagHideFaaSDelivery","status":false},{"id":"AsyncSubsManagmentWeb","key":"bronxFeatureFlagAsyncSubsManagmentWeb","status":false},{"id":"AddressAutocompleteCheckout","key":"bronxFeatureFlagAddressAutocompleteCheckout","status":true},{"id":"ShopJoeFreshOnGrocery","key":"bronxFeatureFlagShopJoeFreshOnGrocery","status":true},{"id":"PDPGAMAdUnitEnabled","key":"bronxFeatureFlagPDPGAMAdUnitEnabled","status":true},{"id":"RapidOrderTracking","key":"bronxFeatureFlagOrderTracking","status":false},{"id":"UseSEOStoreID","key":"bronxFeatureFlagUseSEOStoreID","status":true},{"id":"DisplayFloatingCheckoutButton","key":"bronxFeatureFlagDisplayFloatingCheckoutButton","status":false},{"id":"EnableHeliosClpPlp","key":"bronxFeatureFlagEnableHeliosClpPlp","status":true},{"id":"Marketplace","key":"bronxFeatureFlagMarketplace","status":false},{"id":"MarketplaceOnlyMode","key":"bronxFeatureFlagMarketplaceOnlyMode","status":false},{"id":"FulfillmentAsAService","key":"bronxFeatureFlagFulfillmentAsAService","status":true},{"id":"IsPcxPassAdUnitContentful","key":"bronxFeatureFlagIsPcxPassAdUnitContentful","status":true},{"id":"EnableHeliosMarketplaceClpPlp","key":"bronxFeatureFlagEnableHeliosMarketplaceClpPlp","status":false},{"id":"NoTaxEvent","key":"bronxFeatureFlagNoTaxEvent","status":true},{"id":"PingPEServices","key":"bronxFeatureFlagPingPEServices","status":false},{"id":"GoGreenPackagingV2","key":"bronxFeatureFlagGoGreenPackagingV2","status":false},{"id":"PcExpressPass","key":"bronxFeatureFlagPcExpressPass","status":true},{"id":"ShowRapidPromotionTile","key":"bronxFeatureFlagShowRapidPromotionTile","status":false},{"id":"Talkable","key":"bronxFeatureFlagTalkable","status":false},{"id":"HideOOSProducts","key":"bronxFeatureFlagHideOOSProducts","status":false},{"id":"AlternativeFulfillment","key":"bronxFeatureFlagAlternativeFulfillment","status":false},{"id":"EnableLeaderboardSearchResultGrid","key":"bronxFeatureFlagEnableLeaderboardSearchResultGrid","status":true},{"id":"SnowplowAnalytics","key":"bronxFeatureFlagSnowplowAnalytics","status":false},{"id":"SnowplowAnalyticsPhaseOne","key":"bronxFeatureFlagSnowplowAnalyticsPhaseOne","status":false},{"id":"SnowplowAnalyticsPhaseTwo","key":"bronxFeatureFlagSnowplowAnalyticsPhaseTwo","status":true},{"id":"EnableHeliosSnowplow","key":"bronxFeatureFlagEnableHeliosSnowplow","status":true},{"id":"EnableFacadeSpPersonalization","key":"bronxFeatureFlagEnableFacadeSpPersonalization","status":true},{"id":"MPProductTileTag","key":"bronxFeatureFlagMPProductTileTag","status":true},{"id":"QuantifyCustomerDemand","key":"bronxFeatureFlagQuantifyCustomerDemand","status":false},{"id":"EnableSinglePageCheckout","key":"bronxFeatureFlagEnableSinglePageCheckout","status":false},{"id":"SearchPromoTileHybrisDisable","key":"bronxFeatureFlagSearchPromoTileHybrisDisable","status":true},{"id":"EnableHelios","key":"bronxFeatureFlagEnableHelios","status":true},{"id":"EnableDietaryCallOutFilter","key":"bronxFeatureFlagEnableDietaryCallOutFilter","status":true},{"id":"WayfindingQuickFilters","key":"bronxFeatureFlagWayfindingQuickFilters","status":true},{"id":"FlyerGAMAdUnit","key":"bronxFeatureFlagFlyerGAMAdUnit","status":true},{"id":"AllDealsAndFlyerItemGAMAdUnit","key":"bronxFeatureFlagAllDealsAndFlyerItemGAMAdUnit","status":true},{"id":"SponsoredSearchCarousel","key":"bronxFeatureFlagSponsoredSearchCarousel","status":true},{"id":"QFTopBrandsChip","key":"bronxFeatureFlagQFTopBrandsChip","status":false},{"id":"QFExclusiveBrandsChip","key":"bronxFeatureFlagQFExclusiveBrandsChip","status":false},{"id":"QFFavouriteBrandsChip","key":"bronxFeatureFlagQFFavouriteBrandsChip","status":false},{"id":"AutoLocalizeWithAkamai","key":"bronxFeatureFlagAutoLocalizeWithAkamai","status":true},{"id":"AutoLocalizeWithMaxMind","key":"bronxFeatureFlagAutoLocalizeWithMaxMind","status":false},{"id":"MiniAppCheckout","key":"bronxFeatureFlagMiniAppCheckout","status":false},{"id":"EnableWholeSaleClubPCOExperience","key":"bronxFeatureFlagEnableWholeSaleClubPCOExperience","status":false},{"id":"NewfoundlandSugarSweetenedBeverageTax","key":"bronxFeatureFlagNewfoundlandSugarSweetenedBeverageTax","status":true},{"id":"LiveCartAislesOrganization","key":"bronxFeatureFlagLiveCartAislesOrganization","status":true},{"id":"DiscountGoGreen","key":"bronxFeatureFlagDiscountGoGreen","status":true},{"id":"BifrostInventoryCheck","key":"bronxFeatureFlagBifrostInventoryCheck","status":false},{"id":"SponsoredCLPCarousel","key":"bronxFeatureFlagSponsoredCLPCarousel","status":true},{"id":"SponsoredCartReviewCarousel","key":"bronxFeatureFlagSponsoredCartReviewCarousel","status":true},{"id":"OutOfStock","key":"bronxFeatureFlagOutOfStock","status":true},{"id":"HideRapidServiceFeeOnCartReviewPage","key":"bronxFeatureFlagHideRapidServiceFeeOnCartReviewPage","status":false},{"id":"CustomerSelectedSubsInCart","key":"bronxFeatureFlagCustomerSelectedSubsInCart","status":true},{"id":"EnableBannerWideCSSubs","key":"bronxFeatureFlagEnableBannerWideCSSubs","status":true},{"id":"CustomerSelectedSubsPreCheckout","key":"bronxFeatureFlagCustomerSelectedSubsPreCheckout","status":true},{"id":"PCXAccountDeletion","key":"bronxFeatureFlagPCXAccountDeletion","status":true},{"id":"AutoLocalization","key":"bronxFeatureFlagAutoLocalization","status":true},{"id":"ShowTypeAheadTopSearchesForMPMode","key":"bronxFeatureFlagShowTypeAheadTopSearchesForMPMode","status":true},{"id":"RecentlyViewedProducts","key":"bronxFeatureFlagRecentlyViewedProducts","status":true},{"id":"Delivery","key":"bronxFeatureFlagDelivery","status":false},{"id":"OptimizedProductImages","key":"bronxFeatureFlagOptimizedProductImages","status":true},{"id":"EnableHomepageSponsoredCarousel","key":"bronxFeatureFlagEnableHomepageSponsoredCarousel","status":false},{"id":"AddMoreItemsCTA","key":"bronxFeatureFlagAddMoreItemsCTA","status":true},{"id":"EnableTypeaheadContentfulLink","key":"bronxFeatureFlagEnableTypeaheadContentfulLink","status":true},{"id":"PCOPdpEnrolmentTileForMassOffer","key":"bronxFeatureFlagPCOPdpEnrolmentTileForMassOffer","status":true},{"id":"PCOPdpEnrolment","key":"bronxFeatureFlagPCOPdpEnrolment","status":true},{"id":"enableProductDetailsField","key":"bronxFeatureFlagEnableProductDetailsField","status":false},{"id":"WeightedItemsQuantityFormatting","key":"bronxFeatureFlagWeightedItemsQuantityFormatting","status":true},{"id":"CartOrganizationHideAislesInFrench","key":"bronxFeatureFlagCartOrganizationHideAislesInFrench","status":false},{"id":"CartOrganizationExperimentA","key":"bronxFeatureFlagCartOrganizationExperimentA","status":false},{"id":"CartOrganizationExperimentB","key":"bronxFeatureFlagCartOrganizationExperimentB","status":false},{"id":"FlyerModalDrawerQuickview","key":"bronxFeatureFlagFlyerModalDrawerQuickview","status":true},{"id":"PCOCheckoutEnrolment","key":"bronxFeatureFlagPCOCheckoutEnrolment","status":true},{"id":"OrderDashboardRedirectAfterOrderComplete","key":"bronxFeatureFlagOrderDashboardRedirectAfterOrderComplete","status":true},{"id":"ServerSideNavigationRestCall","key":"bronxFeatureFlagServerSideNavigationRestCall","status":true},{"id":"EnableLeaderboardSearchResultTop","key":"bronxFeatureFlagEnableLeaderboardSearchResultTop","status":true},{"id":"IncludeAlcoholTaxMsg","key":"bronxFeatureFlagIncludeAlcoholTaxMsg","status":true},{"id":"ExpSeperateFoodNonFoodNav","key":"bronxFeatureFlagExpSeperateFoodNonFoodNav","status":false},{"id":"HeroV2SwitchFulfillmentMode","key":"bronxFeatureFlagHeroV2SwitchFulfillmentMode","status":true},{"id":"HomePageHeroV2","key":"bronxFeatureFlagHomePageHeroV2","status":true},{"id":"QuickViewPcoOffer","key":"bronxFeatureFlagQuickViewPcoOffer","status":true},{"id":"ShowThirtyMinTimeSlot","key":"bronxFeatureFlagShowThirtyMinTimeSlot","status":true},{"id":"FlyerVideoPlayer","key":"bronxFeatureFlagFlyerVideoPlayer","status":true},{"id":"ExpHolidayShopNavStyling","key":"bronxFeatureFlagExpHolidayShopNavStyling","status":false},{"id":"ExpExpandedFoodNav","key":"bronxFeatureFlagExpExpandedFoodNav","status":false},{"id":"ExpJoeFreshNavStyling","key":"bronxFeatureFlagExpJoeFreshNavStyling","status":false},{"id":"OneSearch","key":"bronxFeatureFlagOneSearch","status":true},{"id":"UnlocalizedCartAddition","key":"bronxFeatureFlagUnlocalizedCartAddition","status":true},{"id":"AutoLocalizationNonShoppable","key":"bronxFeatureFlagAutoLocalizationNonShoppable","status":true},{"id":"MultiItemFlyerQuickview","key":"bronxFeatureFlagMultiItemFlyerQuickview","status":true},{"id":"V4ProductFacadeForPDP","key":"bronxFeatureFlagV4ProductFacadeForPDP","status":false},{"id":"ShouldIncludeGTMScript","key":"bronxFeatureFlagShouldIncludeGTMScript","status":true},{"id":"TestFeatureFlagOverride","key":"bronxFeatureFlagTestFeatureFlagOverride","status":true},{"id":"DidYouMeanSearch","key":"bronxFeatureFlagDidYouMeanSearch","status":true},{"id":"AutoLocalizationWellnessPages","key":"bronxFeatureFlagAutoLocalizationWellnessPages","status":true},{"id":"FlyerNavigationContentful","key":"bronxFeatureFlagFlyerNavigationContentful","status":true},{"id":"AutoLocalizationDependencyPages","key":"bronxFeatureFlagAutoLocalizationDependencyPages","status":true},{"id":"HideExpeditedShippingOption","key":"bronxFeatureFlagHideExpeditedShippingOption","status":false},{"id":"PS5ConsoleDirectLink","key":"bronxFeatureFlagPS5ConsoleDirectLink","status":false},{"id":"ShowTypeAheadYourSearches","key":"bronxFeatureFlagShowTypeAheadYourSearches","status":true},{"id":"ShowTypeAheadTopSearches","key":"bronxFeatureFlagShowTypeAheadTopSearches","status":true},{"id":"LowInventory","key":"bronxFeatureFlagLowInventory","status":true},{"id":"ExpPCOInNavFlyers","key":"bronxFeatureFlagExpPCOInNavFlyers","status":false},{"id":"ExpPCOInNavMyshop","key":"bronxFeatureFlagExpPCOInNavMyshop","status":false},{"id":"V3ProductFacadeFlyerSearch","key":"bronxFeatureFlagV3ProductFacadeFlyerSearch","status":true},{"id":"WellnessNaturalFoods","key":"bronxFeatureFlagWellnessNaturalFoods","status":false},{"id":"WellnessMedicalClinics","key":"bronxFeatureFlagWellnessMedicalClinics","status":false},{"id":"WellnessDietitians","key":"bronxFeatureFlagWellnessDietitians","status":true},{"id":"WellnessOptical","key":"bronxFeatureFlagWellnessOptical","status":true},{"id":"WellnessGuidingStars","key":"bronxFeatureFlagWellnessGuidingStars","status":true},{"id":"WellnessPharmacy","key":"bronxFeatureFlagWellnessPharmacy","status":false},{"id":"SomeRandomTestFeatureFlag","key":"bronxFeatureFlagSomeRandomTestFeatureFlag","status":false},{"id":"CIAM","key":"bronxFeatureFlagCIAM","status":true},{"id":"Contentful","key":"bronxFeatureFlagContentful","status":true},{"id":"AdobeTarget","key":"bronxFeatureFlagAdobeTarget","status":true},{"id":"FontNoir","key":"bronxFeatureFlagFontNoir","status":true},{"id":"AdobeAnalytics","key":"bronxFeatureFlagAdobeAnalytics","status":true},{"id":"Instacart","key":"bronxFeatureFlagInstacart","status":false}],"cookieComplianceDomainScript":"018df553-d905-735a-9140-5263c8bb57dd"},
                bannerData: {"banner":"nofrills","hostname":"nofrills","site":"nofrills","appSettingsBanner":"nofrills","locale":"en"},
                spaData: {"cdnPath":"https://assets.loblaws.ca/pcx_bronx_fe_prod/builds/production/3.53.6/8bd42f38/nofrills","folder":"nofrills","vendorJSPath":"https://assets.loblaws.ca/pcx_bronx_fe_prod/builds/production/3.53.6/8bd42f38/nofrills/nofrills-vendor.bundle.js","bundleJSPath":"https://assets.loblaws.ca/pcx_bronx_fe_prod/builds/production/3.53.6/8bd42f38/nofrills/nofrills-bundle.js","bundleCSSPath":"https://assets.loblaws.ca/pcx_bronx_fe_prod/builds/production/3.53.6/8bd42f38/nofrills/nofrills-bundle.css"},
            };
            /* The cached endpoints */
            window['ldBronxCachedEndpoints'] = null;
        </script>
    <script>bazadebezolkohpepadr="1520599561"</script><script type="text/javascript" src="https://www.nofrills.ca/akam/13/5aa283a0" defer=""></script><link rel="stylesheet" type="text/css" href="https://assets.loblaws.ca/pcx_bronx_fe_prod/builds/production/3.53.6/8bd42f38/nofrills/commonUIComponents-fef459bd_app.bundle.css"><link rel="stylesheet" type="text/css" href="https://assets.loblaws.ca/pcx_bronx_fe_prod/builds/production/3.53.6/8bd42f38/nofrills/commonProduct-9b3cd547_app.bundle.css"><link rel="stylesheet" type="text/css" href="https://assets.loblaws.ca/pcx_bronx_fe_prod/builds/production/3.53.6/8bd42f38/nofrills/commonProduct-dee3f71c_app.bundle.css"><link rel="stylesheet" type="text/css" href="https://assets.loblaws.ca/pcx_bronx_fe_prod/builds/production/3.53.6/8bd42f38/nofrills/7573_app.bundle.css"><meta http-equiv="origin-trial" content="AlK2UR5SkAlj8jjdEc9p3F3xuFYlF6LYjAML3EOqw1g26eCwWPjdmecULvBH5MVPoqKYrOfPhYVL71xAXI1IBQoAAAB8eyJvcmlnaW4iOiJodHRwczovL2RvdWJsZWNsaWNrLm5ldDo0NDMiLCJmZWF0dXJlIjoiV2ViVmlld1hSZXF1ZXN0ZWRXaXRoRGVwcmVjYXRpb24iLCJleHBpcnkiOjE3NTgwNjcxOTksImlzU3ViZG9tYWluIjp0cnVlfQ=="><meta http-equiv="origin-trial" content="Amm8/NmvvQfhwCib6I7ZsmUxiSCfOxWxHayJwyU1r3gRIItzr7bNQid6O8ZYaE1GSQTa69WwhPC9flq/oYkRBwsAAACCeyJvcmlnaW4iOiJodHRwczovL2dvb2dsZXN5bmRpY2F0aW9uLmNvbTo0NDMiLCJmZWF0dXJlIjoiV2ViVmlld1hSZXF1ZXN0ZWRXaXRoRGVwcmVjYXRpb24iLCJleHBpcnkiOjE3NTgwNjcxOTksImlzU3ViZG9tYWluIjp0cnVlfQ=="><meta http-equiv="origin-trial" content="A9uiHDzQFAhqALUhTgTYJcz9XrGH2y0/9AORwCSapUO/f7Uh7ysIzyszNkuWDLqNYg8446Uj48XIstBW1qv/wAQAAACNeyJvcmlnaW4iOiJodHRwczovL2RvdWJsZWNsaWNrLm5ldDo0NDMiLCJmZWF0dXJlIjoiRmxlZGdlQmlkZGluZ0FuZEF1Y3Rpb25TZXJ2ZXIiLCJleHBpcnkiOjE3Mjc4MjcxOTksImlzU3ViZG9tYWluIjp0cnVlLCJpc1RoaXJkUGFydHkiOnRydWV9"><meta http-equiv="origin-trial" content="A9R+gkZL3TWq+Z7RJ2L0c7ZN7FZD5z4mHmVvjrPitg/EMz9P3j5d3W7Vw5ZR9jtJGmWKltM4BO3smNzpCgwYuwwAAACTeyJvcmlnaW4iOiJodHRwczovL2dvb2dsZXN5bmRpY2F0aW9uLmNvbTo0NDMiLCJmZWF0dXJlIjoiRmxlZGdlQmlkZGluZ0FuZEF1Y3Rpb25TZXJ2ZXIiLCJleHBpcnkiOjE3Mjc4MjcxOTksImlzU3ViZG9tYWluIjp0cnVlLCJpc1RoaXJkUGFydHkiOnRydWV9"><script src="https://securepubads.g.doubleclick.net/pagead/managed/js/gpt/m202407090101/pubads_impl.js?cb=31085171" async=""></script><script src="https://cdn.cookielaw.org/scripttemplates/202406.1.0/otBannerSdk.js" async="" type="text/javascript"></script><script type="text/javascript">(function(i,s,o,g,r,a,m,n){i.moengage_object=r;t={};q=function(f){return function(){(i.moengage_q=i.moengage_q||[]).push({f:f,a:arguments})}};f=['track_event','add_user_attribute','add_first_name','add_last_name','add_email','add_mobile','add_user_name','add_gender','add_birthday','destroy_session','add_unique_user_id','moe_events','call_web_push','track','location_type_attribute', 'setDebugLevel'],h={onsite:["getData","registerCallback"]};for(k
        in f){t[f[k]]=q(f[k])}for(k in h)for(l in h[k]){null==t[k]&&(t[k]={}),t[k][h[k][l]]=q(k+"."+h[k][l])}a=s.createElement(o);m=s.getElementsByTagName(o)[0];a.async=1;a.src=g;m.parentNode.insertBefore(a,m);i.moe=i.moe||function(){n=arguments[0];return t};a.onload=function(){if(n){i[r]=moe(n)}}})(window,document,'script','https://cdn.moengage.com/webpush/moe_webSdk.min.latest.js','Moengage')
        Moengage = moe({
          app_id: "M7VT5L14QFA5434ELXHZ4RL9",
          debug_logs: 0,
          swPath: "/serviceworker.js",
          cluster: "DC_1",
          disableOnsite: false,
          enableSPA: false,
          cards: null
        });
      </script><style id="onetrust-style">#onetrust-banner-sdk .onetrust-vendors-list-handler{cursor:pointer;color:#1f96db;font-size:inherit;font-weight:bold;text-decoration:none;margin-left:5px}#onetrust-banner-sdk .onetrust-vendors-list-handler:hover{color:#1f96db}#onetrust-banner-sdk:focus{outline:2px solid #000;outline-offset:-2px}#onetrust-banner-sdk a:focus{outline:2px solid #000}#onetrust-banner-sdk #onetrust-accept-btn-handler,#onetrust-banner-sdk #onetrust-reject-all-handler,#onetrust-banner-sdk #onetrust-pc-btn-handler{outline-offset:1px}#onetrust-banner-sdk.ot-bnr-w-logo .ot-bnr-logo{height:64px;width:64px}#onetrust-banner-sdk .ot-tcf2-vendor-count.ot-text-bold{font-weight:bold}#onetrust-banner-sdk .ot-close-icon,#onetrust-pc-sdk .ot-close-icon,#ot-sync-ntfy .ot-close-icon{background-size:contain;background-repeat:no-repeat;background-position:center;height:12px;width:12px}#onetrust-banner-sdk .powered-by-logo,#onetrust-banner-sdk .ot-pc-footer-logo a,#onetrust-pc-sdk .powered-by-logo,#onetrust-pc-sdk .ot-pc-footer-logo a,#ot-sync-ntfy .powered-by-logo,#ot-sync-ntfy .ot-pc-footer-logo a{background-size:contain;background-repeat:no-repeat;background-position:center;height:25px;width:152px;display:block;text-decoration:none;font-size:.75em}#onetrust-banner-sdk .powered-by-logo:hover,#onetrust-banner-sdk .ot-pc-footer-logo a:hover,#onetrust-pc-sdk .powered-by-logo:hover,#onetrust-pc-sdk .ot-pc-footer-logo a:hover,#ot-sync-ntfy .powered-by-logo:hover,#ot-sync-ntfy .ot-pc-footer-logo a:hover{color:#565656}#onetrust-banner-sdk h3 *,#onetrust-banner-sdk h4 *,#onetrust-banner-sdk h6 *,#onetrust-banner-sdk button *,#onetrust-banner-sdk a[data-parent-id] *,#onetrust-pc-sdk h3 *,#onetrust-pc-sdk h4 *,#onetrust-pc-sdk h6 *,#onetrust-pc-sdk button *,#onetrust-pc-sdk a[data-parent-id] *,#ot-sync-ntfy h3 *,#ot-sync-ntfy h4 *,#ot-sync-ntfy h6 *,#ot-sync-ntfy button *,#ot-sync-ntfy a[data-parent-id] *{font-size:inherit;font-weight:inherit;color:inherit}#onetrust-banner-sdk .ot-hide,#onetrust-pc-sdk .ot-hide,#ot-sync-ntfy .ot-hide{display:none !important}#onetrust-banner-sdk button.ot-link-btn:hover,#onetrust-pc-sdk button.ot-link-btn:hover,#ot-sync-ntfy button.ot-link-btn:hover{text-decoration:underline;opacity:1}#onetrust-pc-sdk .ot-sdk-row .ot-sdk-column{padding:0}#onetrust-pc-sdk .ot-sdk-container{padding-right:0}#onetrust-pc-sdk .ot-sdk-row{flex-direction:initial;width:100%}#onetrust-pc-sdk [type=checkbox]:checked,#onetrust-pc-sdk [type=checkbox]:not(:checked){pointer-events:initial}#onetrust-pc-sdk [type=checkbox]:disabled+label::before,#onetrust-pc-sdk [type=checkbox]:disabled+label:after,#onetrust-pc-sdk [type=checkbox]:disabled+label{pointer-events:none;opacity:.7}#onetrust-pc-sdk #vendor-list-content{transform:translate3d(0, 0, 0)}#onetrust-pc-sdk li input[type=checkbox]{z-index:1}#onetrust-pc-sdk li .ot-checkbox label{z-index:2}#onetrust-pc-sdk li .ot-checkbox input[type=checkbox]{height:auto;width:auto}#onetrust-pc-sdk li .host-title a,#onetrust-pc-sdk li .ot-host-name a,#onetrust-pc-sdk li .accordion-text,#onetrust-pc-sdk li .ot-acc-txt{z-index:2;position:relative}#onetrust-pc-sdk input{margin:3px .1ex}#onetrust-pc-sdk .pc-logo,#onetrust-pc-sdk .ot-pc-logo{height:60px;width:180px;background-position:center;background-size:contain;background-repeat:no-repeat;display:inline-flex;justify-content:center;align-items:center}#onetrust-pc-sdk .pc-logo img,#onetrust-pc-sdk .ot-pc-logo img{max-height:100%;max-width:100%}#onetrust-pc-sdk .screen-reader-only,#onetrust-pc-sdk .ot-scrn-rdr,.ot-sdk-cookie-policy .screen-reader-only,.ot-sdk-cookie-policy .ot-scrn-rdr{border:0;clip:rect(0 0 0 0);height:1px;margin:-1px;overflow:hidden;padding:0;position:absolute;width:1px}#onetrust-pc-sdk.ot-fade-in,.onetrust-pc-dark-filter.ot-fade-in,#onetrust-banner-sdk.ot-fade-in{animation-name:onetrust-fade-in;animation-duration:400ms;animation-timing-function:ease-in-out}#onetrust-pc-sdk.ot-hide{display:none !important}.onetrust-pc-dark-filter.ot-hide{display:none !important}#ot-sdk-btn.ot-sdk-show-settings,#ot-sdk-btn.optanon-show-settings{color:#68b631;border:1px solid #68b631;height:auto;white-space:normal;word-wrap:break-word;padding:.8em 2em;font-size:.8em;line-height:1.2;cursor:pointer;-moz-transition:.1s ease;-o-transition:.1s ease;-webkit-transition:1s ease;transition:.1s ease}#ot-sdk-btn.ot-sdk-show-settings:hover,#ot-sdk-btn.optanon-show-settings:hover{color:#fff;background-color:#68b631}.onetrust-pc-dark-filter{background:rgba(0,0,0,.5);z-index:2147483646;width:100%;height:100%;overflow:hidden;position:fixed;top:0;bottom:0;left:0}@keyframes onetrust-fade-in{0%{opacity:0}100%{opacity:1}}.ot-cookie-label{text-decoration:underline}@media only screen and (min-width: 426px)and (max-width: 896px)and (orientation: landscape){#onetrust-pc-sdk p{font-size:.75em}}#onetrust-banner-sdk .banner-option-input:focus+label{outline:1px solid #000;outline-style:auto}.category-vendors-list-handler+a:focus,.category-vendors-list-handler+a:focus-visible{outline:2px solid #000}#onetrust-pc-sdk .ot-userid-title{margin-top:10px}#onetrust-pc-sdk .ot-userid-title>span,#onetrust-pc-sdk .ot-userid-timestamp>span{font-weight:700}#onetrust-pc-sdk .ot-userid-desc{font-style:italic}#onetrust-pc-sdk .ot-host-desc a{pointer-events:initial}#onetrust-pc-sdk .ot-ven-hdr>p a{position:relative;z-index:2;pointer-events:initial}#onetrust-pc-sdk .ot-vnd-serv .ot-vnd-item .ot-vnd-info a,#onetrust-pc-sdk .ot-vs-list .ot-vnd-item .ot-vnd-info a{margin-right:auto}#onetrust-pc-sdk .ot-pc-footer-logo img{width:136px;height:16px}#onetrust-pc-sdk .ot-pur-vdr-count{font-weight:400;font-size:.7rem;padding-top:3px;display:block}#onetrust-banner-sdk .ot-optout-signal,#onetrust-pc-sdk .ot-optout-signal{border:1px solid #32ae88;border-radius:3px;padding:5px;margin-bottom:10px;background-color:#f9fffa;font-size:.85rem;line-height:2}#onetrust-banner-sdk .ot-optout-signal .ot-optout-icon,#onetrust-pc-sdk .ot-optout-signal .ot-optout-icon{display:inline;margin-right:5px}#onetrust-banner-sdk .ot-optout-signal svg,#onetrust-pc-sdk .ot-optout-signal svg{height:20px;width:30px;transform:scale(0.5)}#onetrust-banner-sdk .ot-optout-signal svg path,#onetrust-pc-sdk .ot-optout-signal svg path{fill:#32ae88}#onetrust-consent-sdk .ot-general-modal{overflow:hidden;position:fixed;margin:0 auto;top:50%;left:50%;width:40%;padding:1.5rem;max-width:575px;min-width:575px;z-index:2147483647;border-radius:2.5px;transform:translate(-50%, -50%)}#onetrust-consent-sdk .ot-signature-health-group{margin-top:1rem;padding-left:1.25rem;padding-right:1.25rem;margin-bottom:.625rem;width:calc(100% - 2.5rem)}#onetrust-consent-sdk .ot-signature-health-group .ot-signature-health-form{gap:.5rem}#onetrust-consent-sdk .ot-signature-health .ot-signature-health-form{width:70%;gap:.35rem}#onetrust-consent-sdk .ot-signature-health .ot-signature-input{height:38px;padding:6px 10px;background-color:#fff;border:1px solid #d1d1d1;border-radius:4px;box-shadow:none;box-sizing:border-box}#onetrust-consent-sdk .ot-signature-health .ot-signature-subtitle{font-size:1.125rem}#onetrust-consent-sdk .ot-signature-health .ot-signature-group-title{font-size:1.25rem;font-weight:bold}#onetrust-consent-sdk .ot-signature-health,#onetrust-consent-sdk .ot-signature-health-group{display:flex;flex-direction:column;gap:1rem}#onetrust-consent-sdk .ot-signature-health .ot-signature-cont,#onetrust-consent-sdk .ot-signature-health-group .ot-signature-cont{display:flex;flex-direction:column;gap:.25rem}#onetrust-consent-sdk .ot-signature-health .ot-signature-paragraph,#onetrust-consent-sdk .ot-signature-health-group .ot-signature-paragraph{margin:0;line-height:20px;font-size:max(14px,.875rem)}#onetrust-consent-sdk .ot-signature-health .ot-health-signature-error,#onetrust-consent-sdk .ot-signature-health-group .ot-health-signature-error{color:#4d4d4d;font-size:min(12px,.75rem)}#onetrust-consent-sdk .ot-signature-health .ot-signature-buttons-cont,#onetrust-consent-sdk .ot-signature-health-group .ot-signature-buttons-cont{margin-top:max(.75rem,2%);gap:1rem;display:flex;justify-content:flex-end}#onetrust-consent-sdk .ot-signature-health .ot-signature-button,#onetrust-consent-sdk .ot-signature-health-group .ot-signature-button{flex:1;height:auto;color:#fff;cursor:pointer;line-height:1.2;min-width:125px;font-weight:600;font-size:.813em;border-radius:2px;padding:12px 10px;white-space:normal;word-wrap:break-word;word-break:break-word;background-color:#68b631;border:2px solid #68b631}#onetrust-consent-sdk .ot-signature-health .ot-signature-button.reject,#onetrust-consent-sdk .ot-signature-health-group .ot-signature-button.reject{background-color:#fff}#onetrust-consent-sdk .ot-input-field-cont{display:flex;flex-direction:column;gap:.5rem}#onetrust-consent-sdk .ot-input-field-cont .ot-signature-input{width:65%}#onetrust-consent-sdk .ot-signature-health-form{display:flex;flex-direction:column}#onetrust-consent-sdk .ot-signature-health-form .ot-signature-label{margin-bottom:0;line-height:20px;font-size:max(14px,.875rem)}@media only screen and (max-width: 600px){#onetrust-consent-sdk .ot-general-modal{min-width:100%}#onetrust-consent-sdk .ot-signature-health .ot-signature-health-form{width:100%}#onetrust-consent-sdk .ot-input-field-cont .ot-signature-input{width:100%}}#onetrust-banner-sdk,#onetrust-pc-sdk,#ot-sdk-cookie-policy,#ot-sync-ntfy{font-size:16px}#onetrust-banner-sdk *,#onetrust-banner-sdk ::after,#onetrust-banner-sdk ::before,#onetrust-pc-sdk *,#onetrust-pc-sdk ::after,#onetrust-pc-sdk ::before,#ot-sdk-cookie-policy *,#ot-sdk-cookie-policy ::after,#ot-sdk-cookie-policy ::before,#ot-sync-ntfy *,#ot-sync-ntfy ::after,#ot-sync-ntfy ::before{-webkit-box-sizing:content-box;-moz-box-sizing:content-box;box-sizing:content-box}#onetrust-banner-sdk div,#onetrust-banner-sdk span,#onetrust-banner-sdk h1,#onetrust-banner-sdk h2,#onetrust-banner-sdk h3,#onetrust-banner-sdk h4,#onetrust-banner-sdk h5,#onetrust-banner-sdk h6,#onetrust-banner-sdk p,#onetrust-banner-sdk img,#onetrust-banner-sdk svg,#onetrust-banner-sdk button,#onetrust-banner-sdk section,#onetrust-banner-sdk a,#onetrust-banner-sdk label,#onetrust-banner-sdk input,#onetrust-banner-sdk ul,#onetrust-banner-sdk li,#onetrust-banner-sdk nav,#onetrust-banner-sdk table,#onetrust-banner-sdk thead,#onetrust-banner-sdk tr,#onetrust-banner-sdk td,#onetrust-banner-sdk tbody,#onetrust-banner-sdk .ot-main-content,#onetrust-banner-sdk .ot-toggle,#onetrust-banner-sdk #ot-content,#onetrust-banner-sdk #ot-pc-content,#onetrust-banner-sdk .checkbox,#onetrust-pc-sdk div,#onetrust-pc-sdk span,#onetrust-pc-sdk h1,#onetrust-pc-sdk h2,#onetrust-pc-sdk h3,#onetrust-pc-sdk h4,#onetrust-pc-sdk h5,#onetrust-pc-sdk h6,#onetrust-pc-sdk p,#onetrust-pc-sdk img,#onetrust-pc-sdk svg,#onetrust-pc-sdk button,#onetrust-pc-sdk section,#onetrust-pc-sdk a,#onetrust-pc-sdk label,#onetrust-pc-sdk input,#onetrust-pc-sdk ul,#onetrust-pc-sdk li,#onetrust-pc-sdk nav,#onetrust-pc-sdk table,#onetrust-pc-sdk thead,#onetrust-pc-sdk tr,#onetrust-pc-sdk td,#onetrust-pc-sdk tbody,#onetrust-pc-sdk .ot-main-content,#onetrust-pc-sdk .ot-toggle,#onetrust-pc-sdk #ot-content,#onetrust-pc-sdk #ot-pc-content,#onetrust-pc-sdk .checkbox,#ot-sdk-cookie-policy div,#ot-sdk-cookie-policy span,#ot-sdk-cookie-policy h1,#ot-sdk-cookie-policy h2,#ot-sdk-cookie-policy h3,#ot-sdk-cookie-policy h4,#ot-sdk-cookie-policy h5,#ot-sdk-cookie-policy h6,#ot-sdk-cookie-policy p,#ot-sdk-cookie-policy img,#ot-sdk-cookie-policy svg,#ot-sdk-cookie-policy button,#ot-sdk-cookie-policy section,#ot-sdk-cookie-policy a,#ot-sdk-cookie-policy label,#ot-sdk-cookie-policy input,#ot-sdk-cookie-policy ul,#ot-sdk-cookie-policy li,#ot-sdk-cookie-policy nav,#ot-sdk-cookie-policy table,#ot-sdk-cookie-policy thead,#ot-sdk-cookie-policy tr,#ot-sdk-cookie-policy td,#ot-sdk-cookie-policy tbody,#ot-sdk-cookie-policy .ot-main-content,#ot-sdk-cookie-policy .ot-toggle,#ot-sdk-cookie-policy #ot-content,#ot-sdk-cookie-policy #ot-pc-content,#ot-sdk-cookie-policy .checkbox,#ot-sync-ntfy div,#ot-sync-ntfy span,#ot-sync-ntfy h1,#ot-sync-ntfy h2,#ot-sync-ntfy h3,#ot-sync-ntfy h4,#ot-sync-ntfy h5,#ot-sync-ntfy h6,#ot-sync-ntfy p,#ot-sync-ntfy img,#ot-sync-ntfy svg,#ot-sync-ntfy button,#ot-sync-ntfy section,#ot-sync-ntfy a,#ot-sync-ntfy label,#ot-sync-ntfy input,#ot-sync-ntfy ul,#ot-sync-ntfy li,#ot-sync-ntfy nav,#ot-sync-ntfy table,#ot-sync-ntfy thead,#ot-sync-ntfy tr,#ot-sync-ntfy td,#ot-sync-ntfy tbody,#ot-sync-ntfy .ot-main-content,#ot-sync-ntfy .ot-toggle,#ot-sync-ntfy #ot-content,#ot-sync-ntfy #ot-pc-content,#ot-sync-ntfy .checkbox{font-family:inherit;font-weight:normal;-webkit-font-smoothing:auto;letter-spacing:normal;line-height:normal;padding:0;margin:0;height:auto;min-height:0;max-height:none;width:auto;min-width:0;max-width:none;border-radius:0;border:none;clear:none;float:none;position:static;bottom:auto;left:auto;right:auto;top:auto;text-align:left;text-decoration:none;text-indent:0;text-shadow:none;text-transform:none;white-space:normal;background:none;overflow:visible;vertical-align:baseline;visibility:visible;z-index:auto;box-shadow:none}#onetrust-banner-sdk label:before,#onetrust-banner-sdk label:after,#onetrust-banner-sdk .checkbox:after,#onetrust-banner-sdk .checkbox:before,#onetrust-pc-sdk label:before,#onetrust-pc-sdk label:after,#onetrust-pc-sdk .checkbox:after,#onetrust-pc-sdk .checkbox:before,#ot-sdk-cookie-policy label:before,#ot-sdk-cookie-policy label:after,#ot-sdk-cookie-policy .checkbox:after,#ot-sdk-cookie-policy .checkbox:before,#ot-sync-ntfy label:before,#ot-sync-ntfy label:after,#ot-sync-ntfy .checkbox:after,#ot-sync-ntfy .checkbox:before{content:"";content:none}#onetrust-banner-sdk .ot-sdk-container,#onetrust-pc-sdk .ot-sdk-container,#ot-sdk-cookie-policy .ot-sdk-container{position:relative;width:100%;max-width:100%;margin:0 auto;padding:0 20px;box-sizing:border-box}#onetrust-banner-sdk .ot-sdk-column,#onetrust-banner-sdk .ot-sdk-columns,#onetrust-pc-sdk .ot-sdk-column,#onetrust-pc-sdk .ot-sdk-columns,#ot-sdk-cookie-policy .ot-sdk-column,#ot-sdk-cookie-policy .ot-sdk-columns{width:100%;float:left;box-sizing:border-box;padding:0;display:initial}@media(min-width: 400px){#onetrust-banner-sdk .ot-sdk-container,#onetrust-pc-sdk .ot-sdk-container,#ot-sdk-cookie-policy .ot-sdk-container{width:90%;padding:0}}@media(min-width: 550px){#onetrust-banner-sdk .ot-sdk-container,#onetrust-pc-sdk .ot-sdk-container,#ot-sdk-cookie-policy .ot-sdk-container{width:100%}#onetrust-banner-sdk .ot-sdk-column,#onetrust-banner-sdk .ot-sdk-columns,#onetrust-pc-sdk .ot-sdk-column,#onetrust-pc-sdk .ot-sdk-columns,#ot-sdk-cookie-policy .ot-sdk-column,#ot-sdk-cookie-policy .ot-sdk-columns{margin-left:4%}#onetrust-banner-sdk .ot-sdk-column:first-child,#onetrust-banner-sdk .ot-sdk-columns:first-child,#onetrust-pc-sdk .ot-sdk-column:first-child,#onetrust-pc-sdk .ot-sdk-columns:first-child,#ot-sdk-cookie-policy .ot-sdk-column:first-child,#ot-sdk-cookie-policy .ot-sdk-columns:first-child{margin-left:0}#onetrust-banner-sdk .ot-sdk-two.ot-sdk-columns,#onetrust-pc-sdk .ot-sdk-two.ot-sdk-columns,#ot-sdk-cookie-policy .ot-sdk-two.ot-sdk-columns{width:13.3333333333%}#onetrust-banner-sdk .ot-sdk-three.ot-sdk-columns,#onetrust-pc-sdk .ot-sdk-three.ot-sdk-columns,#ot-sdk-cookie-policy .ot-sdk-three.ot-sdk-columns{width:22%}#onetrust-banner-sdk .ot-sdk-four.ot-sdk-columns,#onetrust-pc-sdk .ot-sdk-four.ot-sdk-columns,#ot-sdk-cookie-policy .ot-sdk-four.ot-sdk-columns{width:30.6666666667%}#onetrust-banner-sdk .ot-sdk-eight.ot-sdk-columns,#onetrust-pc-sdk .ot-sdk-eight.ot-sdk-columns,#ot-sdk-cookie-policy .ot-sdk-eight.ot-sdk-columns{width:65.3333333333%}#onetrust-banner-sdk .ot-sdk-nine.ot-sdk-columns,#onetrust-pc-sdk .ot-sdk-nine.ot-sdk-columns,#ot-sdk-cookie-policy .ot-sdk-nine.ot-sdk-columns{width:74%}#onetrust-banner-sdk .ot-sdk-ten.ot-sdk-columns,#onetrust-pc-sdk .ot-sdk-ten.ot-sdk-columns,#ot-sdk-cookie-policy .ot-sdk-ten.ot-sdk-columns{width:82.6666666667%}#onetrust-banner-sdk .ot-sdk-eleven.ot-sdk-columns,#onetrust-pc-sdk .ot-sdk-eleven.ot-sdk-columns,#ot-sdk-cookie-policy .ot-sdk-eleven.ot-sdk-columns{width:91.3333333333%}#onetrust-banner-sdk .ot-sdk-twelve.ot-sdk-columns,#onetrust-pc-sdk .ot-sdk-twelve.ot-sdk-columns,#ot-sdk-cookie-policy .ot-sdk-twelve.ot-sdk-columns{width:100%;margin-left:0}}#onetrust-banner-sdk h1,#onetrust-banner-sdk h2,#onetrust-banner-sdk h3,#onetrust-banner-sdk h4,#onetrust-banner-sdk h5,#onetrust-banner-sdk h6,#onetrust-pc-sdk h1,#onetrust-pc-sdk h2,#onetrust-pc-sdk h3,#onetrust-pc-sdk h4,#onetrust-pc-sdk h5,#onetrust-pc-sdk h6,#ot-sdk-cookie-policy h1,#ot-sdk-cookie-policy h2,#ot-sdk-cookie-policy h3,#ot-sdk-cookie-policy h4,#ot-sdk-cookie-policy h5,#ot-sdk-cookie-policy h6{margin-top:0;font-weight:600;font-family:inherit}#onetrust-banner-sdk h1,#onetrust-pc-sdk h1,#ot-sdk-cookie-policy h1{font-size:1.5rem;line-height:1.2}#onetrust-banner-sdk h2,#onetrust-pc-sdk h2,#ot-sdk-cookie-policy h2{font-size:1.5rem;line-height:1.25}#onetrust-banner-sdk h3,#onetrust-pc-sdk h3,#ot-sdk-cookie-policy h3{font-size:1.5rem;line-height:1.3}#onetrust-banner-sdk h4,#onetrust-pc-sdk h4,#ot-sdk-cookie-policy h4{font-size:1.5rem;line-height:1.35}#onetrust-banner-sdk h5,#onetrust-pc-sdk h5,#ot-sdk-cookie-policy h5{font-size:1.5rem;line-height:1.5}#onetrust-banner-sdk h6,#onetrust-pc-sdk h6,#ot-sdk-cookie-policy h6{font-size:1.5rem;line-height:1.6}@media(min-width: 550px){#onetrust-banner-sdk h1,#onetrust-pc-sdk h1,#ot-sdk-cookie-policy h1{font-size:1.5rem}#onetrust-banner-sdk h2,#onetrust-pc-sdk h2,#ot-sdk-cookie-policy h2{font-size:1.5rem}#onetrust-banner-sdk h3,#onetrust-pc-sdk h3,#ot-sdk-cookie-policy h3{font-size:1.5rem}#onetrust-banner-sdk h4,#onetrust-pc-sdk h4,#ot-sdk-cookie-policy h4{font-size:1.5rem}#onetrust-banner-sdk h5,#onetrust-pc-sdk h5,#ot-sdk-cookie-policy h5{font-size:1.5rem}#onetrust-banner-sdk h6,#onetrust-pc-sdk h6,#ot-sdk-cookie-policy h6{font-size:1.5rem}}#onetrust-banner-sdk p,#onetrust-pc-sdk p,#ot-sdk-cookie-policy p{margin:0 0 1em 0;font-family:inherit;line-height:normal}#onetrust-banner-sdk a,#onetrust-pc-sdk a,#ot-sdk-cookie-policy a{color:#565656;text-decoration:underline}#onetrust-banner-sdk a:hover,#onetrust-pc-sdk a:hover,#ot-sdk-cookie-policy a:hover{color:#565656;text-decoration:none}#onetrust-banner-sdk .ot-sdk-button,#onetrust-banner-sdk button,#onetrust-pc-sdk .ot-sdk-button,#onetrust-pc-sdk button,#ot-sdk-cookie-policy .ot-sdk-button,#ot-sdk-cookie-policy button{margin-bottom:1rem;font-family:inherit}#onetrust-banner-sdk .ot-sdk-button,#onetrust-banner-sdk button,#onetrust-pc-sdk .ot-sdk-button,#onetrust-pc-sdk button,#ot-sdk-cookie-policy .ot-sdk-button,#ot-sdk-cookie-policy button{display:inline-block;height:38px;padding:0 30px;color:#555;text-align:center;font-size:.9em;font-weight:400;line-height:38px;letter-spacing:.01em;text-decoration:none;white-space:nowrap;background-color:rgba(0,0,0,0);border-radius:2px;border:1px solid #bbb;cursor:pointer;box-sizing:border-box}#onetrust-banner-sdk .ot-sdk-button:hover,#onetrust-banner-sdk :not(.ot-leg-btn-container)>button:not(.ot-link-btn):hover,#onetrust-banner-sdk :not(.ot-leg-btn-container)>button:not(.ot-link-btn):focus,#onetrust-pc-sdk .ot-sdk-button:hover,#onetrust-pc-sdk :not(.ot-leg-btn-container)>button:not(.ot-link-btn):hover,#onetrust-pc-sdk :not(.ot-leg-btn-container)>button:not(.ot-link-btn):focus,#ot-sdk-cookie-policy .ot-sdk-button:hover,#ot-sdk-cookie-policy :not(.ot-leg-btn-container)>button:not(.ot-link-btn):hover,#ot-sdk-cookie-policy :not(.ot-leg-btn-container)>button:not(.ot-link-btn):focus{color:#333;border-color:#888;opacity:.7}#onetrust-banner-sdk .ot-sdk-button:focus,#onetrust-banner-sdk :not(.ot-leg-btn-container)>button:focus,#onetrust-pc-sdk .ot-sdk-button:focus,#onetrust-pc-sdk :not(.ot-leg-btn-container)>button:focus,#ot-sdk-cookie-policy .ot-sdk-button:focus,#ot-sdk-cookie-policy :not(.ot-leg-btn-container)>button:focus{outline:2px solid #000}#onetrust-banner-sdk .ot-sdk-button.ot-sdk-button-primary,#onetrust-banner-sdk button.ot-sdk-button-primary,#onetrust-banner-sdk input[type=submit].ot-sdk-button-primary,#onetrust-banner-sdk input[type=reset].ot-sdk-button-primary,#onetrust-banner-sdk input[type=button].ot-sdk-button-primary,#onetrust-pc-sdk .ot-sdk-button.ot-sdk-button-primary,#onetrust-pc-sdk button.ot-sdk-button-primary,#onetrust-pc-sdk input[type=submit].ot-sdk-button-primary,#onetrust-pc-sdk input[type=reset].ot-sdk-button-primary,#onetrust-pc-sdk input[type=button].ot-sdk-button-primary,#ot-sdk-cookie-policy .ot-sdk-button.ot-sdk-button-primary,#ot-sdk-cookie-policy button.ot-sdk-button-primary,#ot-sdk-cookie-policy input[type=submit].ot-sdk-button-primary,#ot-sdk-cookie-policy input[type=reset].ot-sdk-button-primary,#ot-sdk-cookie-policy input[type=button].ot-sdk-button-primary{color:#fff;background-color:#33c3f0;border-color:#33c3f0}#onetrust-banner-sdk .ot-sdk-button.ot-sdk-button-primary:hover,#onetrust-banner-sdk button.ot-sdk-button-primary:hover,#onetrust-banner-sdk input[type=submit].ot-sdk-button-primary:hover,#onetrust-banner-sdk input[type=reset].ot-sdk-button-primary:hover,#onetrust-banner-sdk input[type=button].ot-sdk-button-primary:hover,#onetrust-banner-sdk .ot-sdk-button.ot-sdk-button-primary:focus,#onetrust-banner-sdk button.ot-sdk-button-primary:focus,#onetrust-banner-sdk input[type=submit].ot-sdk-button-primary:focus,#onetrust-banner-sdk input[type=reset].ot-sdk-button-primary:focus,#onetrust-banner-sdk input[type=button].ot-sdk-button-primary:focus,#onetrust-pc-sdk .ot-sdk-button.ot-sdk-button-primary:hover,#onetrust-pc-sdk button.ot-sdk-button-primary:hover,#onetrust-pc-sdk input[type=submit].ot-sdk-button-primary:hover,#onetrust-pc-sdk input[type=reset].ot-sdk-button-primary:hover,#onetrust-pc-sdk input[type=button].ot-sdk-button-primary:hover,#onetrust-pc-sdk .ot-sdk-button.ot-sdk-button-primary:focus,#onetrust-pc-sdk button.ot-sdk-button-primary:focus,#onetrust-pc-sdk input[type=submit].ot-sdk-button-primary:focus,#onetrust-pc-sdk input[type=reset].ot-sdk-button-primary:focus,#onetrust-pc-sdk input[type=button].ot-sdk-button-primary:focus,#ot-sdk-cookie-policy .ot-sdk-button.ot-sdk-button-primary:hover,#ot-sdk-cookie-policy button.ot-sdk-button-primary:hover,#ot-sdk-cookie-policy input[type=submit].ot-sdk-button-primary:hover,#ot-sdk-cookie-policy input[type=reset].ot-sdk-button-primary:hover,#ot-sdk-cookie-policy input[type=button].ot-sdk-button-primary:hover,#ot-sdk-cookie-policy .ot-sdk-button.ot-sdk-button-primary:focus,#ot-sdk-cookie-policy button.ot-sdk-button-primary:focus,#ot-sdk-cookie-policy input[type=submit].ot-sdk-button-primary:focus,#ot-sdk-cookie-policy input[type=reset].ot-sdk-button-primary:focus,#ot-sdk-cookie-policy input[type=button].ot-sdk-button-primary:focus{color:#fff;background-color:#1eaedb;border-color:#1eaedb}#onetrust-banner-sdk input[type=text],#onetrust-pc-sdk input[type=text],#ot-sdk-cookie-policy input[type=text]{height:38px;padding:6px 10px;background-color:#fff;border:1px solid #d1d1d1;border-radius:4px;box-shadow:none;box-sizing:border-box}#onetrust-banner-sdk input[type=text],#onetrust-pc-sdk input[type=text],#ot-sdk-cookie-policy input[type=text]{-webkit-appearance:none;-moz-appearance:none;appearance:none}#onetrust-banner-sdk input[type=text]:focus,#onetrust-pc-sdk input[type=text]:focus,#ot-sdk-cookie-policy input[type=text]:focus{border:1px solid #000;outline:0}#onetrust-banner-sdk label,#onetrust-pc-sdk label,#ot-sdk-cookie-policy label{display:block;margin-bottom:.5rem;font-weight:600}#onetrust-banner-sdk input[type=checkbox],#onetrust-pc-sdk input[type=checkbox],#ot-sdk-cookie-policy input[type=checkbox]{display:inline}#onetrust-banner-sdk ul,#onetrust-pc-sdk ul,#ot-sdk-cookie-policy ul{list-style:circle inside}#onetrust-banner-sdk ul,#onetrust-pc-sdk ul,#ot-sdk-cookie-policy ul{padding-left:0;margin-top:0}#onetrust-banner-sdk ul ul,#onetrust-pc-sdk ul ul,#ot-sdk-cookie-policy ul ul{margin:1.5rem 0 1.5rem 3rem;font-size:90%}#onetrust-banner-sdk li,#onetrust-pc-sdk li,#ot-sdk-cookie-policy li{margin-bottom:1rem}#onetrust-banner-sdk th,#onetrust-banner-sdk td,#onetrust-pc-sdk th,#onetrust-pc-sdk td,#ot-sdk-cookie-policy th,#ot-sdk-cookie-policy td{padding:12px 15px;text-align:left;border-bottom:1px solid #e1e1e1}#onetrust-banner-sdk button,#onetrust-pc-sdk button,#ot-sdk-cookie-policy button{margin-bottom:1rem;font-family:inherit}#onetrust-banner-sdk .ot-sdk-container:after,#onetrust-banner-sdk .ot-sdk-row:after,#onetrust-pc-sdk .ot-sdk-container:after,#onetrust-pc-sdk .ot-sdk-row:after,#ot-sdk-cookie-policy .ot-sdk-container:after,#ot-sdk-cookie-policy .ot-sdk-row:after{content:"";display:table;clear:both}#onetrust-banner-sdk .ot-sdk-row,#onetrust-pc-sdk .ot-sdk-row,#ot-sdk-cookie-policy .ot-sdk-row{margin:0;max-width:none;display:block}#onetrust-banner-sdk{box-shadow:0 0 18px rgba(0,0,0,.2)}#onetrust-banner-sdk.otFlat{position:fixed;z-index:2147483645;bottom:0;right:0;left:0;background-color:#fff;max-height:90%;overflow-x:hidden;overflow-y:auto}#onetrust-banner-sdk.otFlat.top{top:0px;bottom:auto}#onetrust-banner-sdk.otRelFont{font-size:1rem}#onetrust-banner-sdk>.ot-sdk-container{overflow:hidden}#onetrust-banner-sdk::-webkit-scrollbar{width:11px}#onetrust-banner-sdk::-webkit-scrollbar-thumb{border-radius:10px;background:#c1c1c1}#onetrust-banner-sdk{scrollbar-arrow-color:#c1c1c1;scrollbar-darkshadow-color:#c1c1c1;scrollbar-face-color:#c1c1c1;scrollbar-shadow-color:#c1c1c1}#onetrust-banner-sdk #onetrust-policy{margin:1.25em 0 .625em 2em;overflow:hidden}#onetrust-banner-sdk #onetrust-policy .ot-gv-list-handler{float:left;font-size:.82em;padding:0;margin-bottom:0;border:0;line-height:normal;height:auto;width:auto}#onetrust-banner-sdk #onetrust-policy-title{font-size:1.2em;line-height:1.3;margin-bottom:10px}#onetrust-banner-sdk #onetrust-policy-text{clear:both;text-align:left;font-size:.88em;line-height:1.4}#onetrust-banner-sdk #onetrust-policy-text *{font-size:inherit;line-height:inherit}#onetrust-banner-sdk #onetrust-policy-text a{font-weight:bold;margin-left:5px}#onetrust-banner-sdk #onetrust-policy-title,#onetrust-banner-sdk #onetrust-policy-text{color:dimgray;float:left}#onetrust-banner-sdk #onetrust-button-group-parent{min-height:1px;text-align:center}#onetrust-banner-sdk #onetrust-button-group{display:inline-block}#onetrust-banner-sdk #onetrust-accept-btn-handler,#onetrust-banner-sdk #onetrust-reject-all-handler,#onetrust-banner-sdk #onetrust-pc-btn-handler{background-color:#68b631;color:#fff;border-color:#68b631;margin-right:1em;min-width:125px;height:auto;white-space:normal;word-break:break-word;word-wrap:break-word;padding:12px 10px;line-height:1.2;font-size:.813em;font-weight:600}#onetrust-banner-sdk #onetrust-pc-btn-handler.cookie-setting-link{background-color:#fff;border:none;color:#68b631;text-decoration:underline;padding-left:0;padding-right:0}#onetrust-banner-sdk .onetrust-close-btn-ui{width:44px;height:44px;background-size:12px;border:none;position:relative;margin:auto;padding:0}#onetrust-banner-sdk .banner_logo{display:none}#onetrust-banner-sdk.ot-bnr-w-logo .ot-bnr-logo{position:absolute;top:50%;transform:translateY(-50%);left:0px}#onetrust-banner-sdk.ot-bnr-w-logo #onetrust-policy{margin-left:65px}#onetrust-banner-sdk .ot-b-addl-desc{clear:both;float:left;display:block}#onetrust-banner-sdk #banner-options{float:left;display:table;margin-right:0;margin-left:1em;width:calc(100% - 1em)}#onetrust-banner-sdk .banner-option-input{cursor:pointer;width:auto;height:auto;border:none;padding:0;padding-right:3px;margin:0 0 10px;font-size:.82em;line-height:1.4}#onetrust-banner-sdk .banner-option-input *{pointer-events:none;font-size:inherit;line-height:inherit}#onetrust-banner-sdk .banner-option-input[aria-expanded=true]~.banner-option-details{display:block;height:auto}#onetrust-banner-sdk .banner-option-input[aria-expanded=true] .ot-arrow-container{transform:rotate(90deg)}#onetrust-banner-sdk .banner-option{margin-bottom:12px;margin-left:0;border:none;float:left;padding:0}#onetrust-banner-sdk .banner-option:first-child{padding-left:2px}#onetrust-banner-sdk .banner-option:not(:first-child){padding:0;border:none}#onetrust-banner-sdk .banner-option-header{cursor:pointer;display:inline-block}#onetrust-banner-sdk .banner-option-header :first-child{color:dimgray;font-weight:bold;float:left}#onetrust-banner-sdk .banner-option-header .ot-arrow-container{display:inline-block;border-top:6px solid rgba(0,0,0,0);border-bottom:6px solid rgba(0,0,0,0);border-left:6px solid dimgray;margin-left:10px;vertical-align:middle}#onetrust-banner-sdk .banner-option-details{display:none;font-size:.83em;line-height:1.5;padding:10px 0px 5px 10px;margin-right:10px;height:0px}#onetrust-banner-sdk .banner-option-details *{font-size:inherit;line-height:inherit;color:dimgray}#onetrust-banner-sdk .ot-arrow-container,#onetrust-banner-sdk .banner-option-details{transition:all 300ms ease-in 0s;-webkit-transition:all 300ms ease-in 0s;-moz-transition:all 300ms ease-in 0s;-o-transition:all 300ms ease-in 0s}#onetrust-banner-sdk .ot-dpd-container{float:left}#onetrust-banner-sdk .ot-dpd-title{margin-bottom:10px}#onetrust-banner-sdk .ot-dpd-title,#onetrust-banner-sdk .ot-dpd-desc{font-size:.88em;line-height:1.4;color:dimgray}#onetrust-banner-sdk .ot-dpd-title *,#onetrust-banner-sdk .ot-dpd-desc *{font-size:inherit;line-height:inherit}#onetrust-banner-sdk.ot-iab-2 #onetrust-policy-text *{margin-bottom:0}#onetrust-banner-sdk.ot-iab-2 .onetrust-vendors-list-handler{display:block;margin-left:0;margin-top:5px;clear:both;margin-bottom:0;padding:0;border:0;height:auto;width:auto}#onetrust-banner-sdk.ot-iab-2 #onetrust-button-group button{display:block}#onetrust-banner-sdk.ot-close-btn-link{padding-top:25px}#onetrust-banner-sdk.ot-close-btn-link #onetrust-close-btn-container{top:15px;transform:none;right:15px}#onetrust-banner-sdk.ot-close-btn-link #onetrust-close-btn-container button{padding:0;white-space:pre-wrap;border:none;height:auto;line-height:1.5;text-decoration:underline;font-size:.69em}#onetrust-banner-sdk #onetrust-policy-text,#onetrust-banner-sdk .ot-dpd-desc,#onetrust-banner-sdk .ot-b-addl-desc{font-size:.813em;line-height:1.5}#onetrust-banner-sdk .ot-dpd-desc{margin-bottom:10px}#onetrust-banner-sdk .ot-dpd-desc>.ot-b-addl-desc{margin-top:10px;margin-bottom:10px;font-size:1em}@media only screen and (max-width: 425px){#onetrust-banner-sdk #onetrust-close-btn-container{position:absolute;top:6px;right:2px}#onetrust-banner-sdk #onetrust-policy{margin-left:0;margin-top:3em}#onetrust-banner-sdk #onetrust-button-group{display:block}#onetrust-banner-sdk #onetrust-accept-btn-handler,#onetrust-banner-sdk #onetrust-reject-all-handler,#onetrust-banner-sdk #onetrust-pc-btn-handler{width:100%}#onetrust-banner-sdk .onetrust-close-btn-ui{top:auto;transform:none}#onetrust-banner-sdk #onetrust-policy-title{display:inline;float:none}#onetrust-banner-sdk #banner-options{margin:0;padding:0;width:100%}}@media only screen and (min-width: 426px)and (max-width: 896px){#onetrust-banner-sdk #onetrust-close-btn-container{position:absolute;top:0;right:0}#onetrust-banner-sdk #onetrust-policy{margin-left:1em;margin-right:1em}#onetrust-banner-sdk .onetrust-close-btn-ui{top:10px;right:10px}#onetrust-banner-sdk:not(.ot-iab-2) #onetrust-group-container{width:95%}#onetrust-banner-sdk.ot-iab-2 #onetrust-group-container{width:100%}#onetrust-banner-sdk.ot-bnr-w-logo #onetrust-button-group-parent{padding-left:50px}#onetrust-banner-sdk #onetrust-button-group-parent{width:100%;position:relative;margin-left:0}#onetrust-banner-sdk #onetrust-button-group button{display:inline-block}#onetrust-banner-sdk #onetrust-button-group{margin-right:0;text-align:center}#onetrust-banner-sdk .has-reject-all-button #onetrust-pc-btn-handler{float:left}#onetrust-banner-sdk .has-reject-all-button #onetrust-reject-all-handler,#onetrust-banner-sdk .has-reject-all-button #onetrust-accept-btn-handler{float:right}#onetrust-banner-sdk .has-reject-all-button #onetrust-button-group{width:calc(100% - 2em);margin-right:0}#onetrust-banner-sdk .has-reject-all-button #onetrust-pc-btn-handler.cookie-setting-link{padding-left:0px;text-align:left}#onetrust-banner-sdk.ot-buttons-fw .ot-sdk-three button{width:100%;text-align:center}#onetrust-banner-sdk.ot-buttons-fw #onetrust-button-group-parent button{float:none}#onetrust-banner-sdk.ot-buttons-fw #onetrust-pc-btn-handler.cookie-setting-link{text-align:center}}@media only screen and (min-width: 550px){#onetrust-banner-sdk .banner-option:not(:first-child){border-left:1px solid #d8d8d8;padding-left:25px}}@media only screen and (min-width: 425px)and (max-width: 550px){#onetrust-banner-sdk.ot-iab-2 #onetrust-button-group,#onetrust-banner-sdk.ot-iab-2 #onetrust-policy,#onetrust-banner-sdk.ot-iab-2 .banner-option{width:100%}#onetrust-banner-sdk.ot-iab-2 #onetrust-button-group #onetrust-accept-btn-handler,#onetrust-banner-sdk.ot-iab-2 #onetrust-button-group #onetrust-reject-all-handler,#onetrust-banner-sdk.ot-iab-2 #onetrust-button-group #onetrust-pc-btn-handler{width:100%}#onetrust-banner-sdk.ot-iab-2 #onetrust-button-group #onetrust-accept-btn-handler,#onetrust-banner-sdk.ot-iab-2 #onetrust-button-group #onetrust-reject-all-handler{float:left}}@media only screen and (min-width: 769px){#onetrust-banner-sdk #onetrust-button-group{margin-right:30%}#onetrust-banner-sdk #banner-options{margin-left:2em;margin-right:5em;margin-bottom:1.25em;width:calc(100% - 7em)}}@media only screen and (min-width: 897px)and (max-width: 1023px){#onetrust-banner-sdk.vertical-align-content #onetrust-button-group-parent{position:absolute;top:50%;left:75%;transform:translateY(-50%)}#onetrust-banner-sdk #onetrust-close-btn-container{top:50%;margin:auto;transform:translate(-50%, -50%);position:absolute;padding:0;right:0}#onetrust-banner-sdk #onetrust-close-btn-container button{position:relative;margin:0;right:-22px;top:2px}}@media only screen and (min-width: 1024px){#onetrust-banner-sdk #onetrust-close-btn-container{top:50%;margin:auto;transform:translate(-50%, -50%);position:absolute;right:0}#onetrust-banner-sdk #onetrust-close-btn-container button{right:-12px}#onetrust-banner-sdk #onetrust-policy{margin-left:2em}#onetrust-banner-sdk.vertical-align-content #onetrust-button-group-parent{position:absolute;top:50%;left:60%;transform:translateY(-50%)}#onetrust-banner-sdk .ot-optout-signal{width:50%}#onetrust-banner-sdk.ot-iab-2 #onetrust-policy-title{width:50%}#onetrust-banner-sdk.ot-iab-2 #onetrust-policy-text,#onetrust-banner-sdk.ot-iab-2 :not(.ot-dpd-desc)>.ot-b-addl-desc{margin-bottom:1em;width:50%;border-right:1px solid #d8d8d8;padding-right:1rem}#onetrust-banner-sdk.ot-iab-2 #onetrust-policy-text{margin-bottom:0;padding-bottom:1em}#onetrust-banner-sdk.ot-iab-2 :not(.ot-dpd-desc)>.ot-b-addl-desc{margin-bottom:0;padding-bottom:1em}#onetrust-banner-sdk.ot-iab-2 .ot-dpd-container{width:45%;padding-left:1rem;display:inline-block;float:none}#onetrust-banner-sdk.ot-iab-2 .ot-dpd-title{line-height:1.7}#onetrust-banner-sdk.ot-iab-2 #onetrust-button-group-parent{left:auto;right:4%;margin-left:0}#onetrust-banner-sdk.ot-iab-2 #onetrust-button-group button{display:block}#onetrust-banner-sdk:not(.ot-iab-2) #onetrust-button-group-parent{margin:auto;width:30%}#onetrust-banner-sdk:not(.ot-iab-2) #onetrust-group-container{width:60%}#onetrust-banner-sdk #onetrust-button-group{margin-right:auto}#onetrust-banner-sdk #onetrust-accept-btn-handler,#onetrust-banner-sdk #onetrust-reject-all-handler,#onetrust-banner-sdk #onetrust-pc-btn-handler{margin-top:1em}}@media only screen and (min-width: 890px){#onetrust-banner-sdk.ot-buttons-fw:not(.ot-iab-2) #onetrust-button-group-parent{padding-left:3%;padding-right:4%;margin-left:0}#onetrust-banner-sdk.ot-buttons-fw:not(.ot-iab-2) #onetrust-button-group{margin-right:0;margin-top:1.25em;width:100%}#onetrust-banner-sdk.ot-buttons-fw:not(.ot-iab-2) #onetrust-button-group button{width:100%;margin-bottom:5px;margin-top:5px}#onetrust-banner-sdk.ot-buttons-fw:not(.ot-iab-2) #onetrust-button-group button:last-of-type{margin-bottom:20px}}@media only screen and (min-width: 1280px){#onetrust-banner-sdk:not(.ot-iab-2) #onetrust-group-container{width:55%}#onetrust-banner-sdk:not(.ot-iab-2) #onetrust-button-group-parent{width:44%;padding-left:2%;padding-right:2%}#onetrust-banner-sdk:not(.ot-iab-2).vertical-align-content #onetrust-button-group-parent{position:absolute;left:55%}}
        #onetrust-consent-sdk #onetrust-banner-sdk {background-color: #FFFFFF;}
            #onetrust-consent-sdk #onetrust-policy-title,
                    #onetrust-consent-sdk #onetrust-policy-text,
                    #onetrust-consent-sdk .ot-b-addl-desc,
                    #onetrust-consent-sdk .ot-dpd-desc,
                    #onetrust-consent-sdk .ot-dpd-title,
                    #onetrust-consent-sdk #onetrust-policy-text *:not(.onetrust-vendors-list-handler),
                    #onetrust-consent-sdk .ot-dpd-desc *:not(.onetrust-vendors-list-handler),
                    #onetrust-consent-sdk #onetrust-banner-sdk #banner-options *,
                    #onetrust-banner-sdk .ot-cat-header,
                    #onetrust-banner-sdk .ot-optout-signal
                    {
                        color: #101010;
                    }
            #onetrust-consent-sdk #onetrust-banner-sdk .banner-option-details {
                    background-color: #efefef;}
             #onetrust-consent-sdk #onetrust-banner-sdk a[href],
                    #onetrust-consent-sdk #onetrust-banner-sdk a[href] font,
                    #onetrust-consent-sdk #onetrust-banner-sdk .ot-link-btn
                        {
                            color: #101010;
                        }#onetrust-consent-sdk #onetrust-accept-btn-handler,
                         #onetrust-banner-sdk #onetrust-reject-all-handler {
                            background-color: #101010;border-color: #101010;
                color: #FFFFFF;
            }
            #onetrust-consent-sdk #onetrust-banner-sdk *:focus,
            #onetrust-consent-sdk #onetrust-banner-sdk:focus {
               outline-color: #000000;
               outline-width: 1px;
            }
            #onetrust-consent-sdk #onetrust-pc-btn-handler,
            #onetrust-consent-sdk #onetrust-pc-btn-handler.cookie-setting-link {
                color: #101010; border-color: #101010;
                background-color:
                #FFFFFF;
            }#onetrust-pc-sdk.otPcCenter{overflow:hidden;position:fixed;margin:0 auto;top:5%;right:0;left:0;width:40%;max-width:575px;min-width:575px;border-radius:2.5px;z-index:2147483647;background-color:#fff;-webkit-box-shadow:0px 2px 10px -3px #999;-moz-box-shadow:0px 2px 10px -3px #999;box-shadow:0px 2px 10px -3px #999}#onetrust-pc-sdk.otPcCenter[dir=rtl]{right:0;left:0}#onetrust-pc-sdk.otRelFont{font-size:1rem}#onetrust-pc-sdk .ot-optout-signal{margin-top:.625rem}#onetrust-pc-sdk #ot-addtl-venlst .ot-arw-cntr,#onetrust-pc-sdk #ot-addtl-venlst .ot-plus-minus,#onetrust-pc-sdk .ot-hide-tgl{visibility:hidden}#onetrust-pc-sdk #ot-addtl-venlst .ot-arw-cntr *,#onetrust-pc-sdk #ot-addtl-venlst .ot-plus-minus *,#onetrust-pc-sdk .ot-hide-tgl *{visibility:hidden}#onetrust-pc-sdk #ot-gn-venlst .ot-ven-item .ot-acc-hdr{min-height:40px}#onetrust-pc-sdk .ot-pc-header{height:39px;padding:10px 0 10px 30px;border-bottom:1px solid #e9e9e9}#onetrust-pc-sdk #ot-pc-title,#onetrust-pc-sdk #ot-category-title,#onetrust-pc-sdk .ot-cat-header,#onetrust-pc-sdk #ot-lst-title,#onetrust-pc-sdk .ot-ven-hdr .ot-ven-name,#onetrust-pc-sdk .ot-always-active{font-weight:bold;color:dimgray}#onetrust-pc-sdk .ot-always-active-group .ot-cat-header{width:55%;font-weight:700}#onetrust-pc-sdk .ot-cat-item p{clear:both;float:left;margin-top:10px;margin-bottom:5px;line-height:1.5;font-size:.812em;color:dimgray}#onetrust-pc-sdk .ot-close-icon{height:44px;width:44px;background-size:10px}#onetrust-pc-sdk #ot-pc-title{float:left;font-size:1em;line-height:1.5;margin-bottom:10px;margin-top:10px;width:100%}#onetrust-pc-sdk #accept-recommended-btn-handler{margin-right:10px;margin-bottom:25px;outline-offset:-1px}#onetrust-pc-sdk #ot-pc-desc{clear:both;width:100%;font-size:.812em;line-height:1.5;margin-bottom:25px}#onetrust-pc-sdk #ot-pc-desc a{margin-left:5px}#onetrust-pc-sdk #ot-pc-desc *{font-size:inherit;line-height:inherit}#onetrust-pc-sdk #ot-pc-desc ul li{padding:10px 0px}#onetrust-pc-sdk a{color:#656565;cursor:pointer}#onetrust-pc-sdk a:hover{color:#3860be}#onetrust-pc-sdk label{margin-bottom:0}#onetrust-pc-sdk #vdr-lst-dsc{font-size:.812em;line-height:1.5;padding:10px 15px 5px 15px}#onetrust-pc-sdk button{max-width:394px;padding:12px 30px;line-height:1;word-break:break-word;word-wrap:break-word;white-space:normal;font-weight:bold;height:auto}#onetrust-pc-sdk .ot-link-btn{padding:0;margin-bottom:0;border:0;font-weight:normal;line-height:normal;width:auto;height:auto}#onetrust-pc-sdk #ot-pc-content{position:absolute;overflow-y:scroll;padding-left:0px;padding-right:30px;top:60px;bottom:110px;margin:1px 3px 0 30px;width:calc(100% - 63px)}#onetrust-pc-sdk .ot-vs-list .ot-always-active,#onetrust-pc-sdk .ot-cat-grp .ot-always-active{float:right;clear:none;color:#3860be;margin:0;font-size:.813em;line-height:1.3}#onetrust-pc-sdk .ot-pc-scrollbar::-webkit-scrollbar-track{margin-right:20px}#onetrust-pc-sdk .ot-pc-scrollbar::-webkit-scrollbar{width:11px}#onetrust-pc-sdk .ot-pc-scrollbar::-webkit-scrollbar-thumb{border-radius:10px;background:#d8d8d8}#onetrust-pc-sdk input[type=checkbox]:focus+.ot-acc-hdr{outline:#000 1px solid}#onetrust-pc-sdk .ot-pc-scrollbar{scrollbar-arrow-color:#d8d8d8;scrollbar-darkshadow-color:#d8d8d8;scrollbar-face-color:#d8d8d8;scrollbar-shadow-color:#d8d8d8}#onetrust-pc-sdk .save-preference-btn-handler{margin-right:20px}#onetrust-pc-sdk .ot-pc-refuse-all-handler{margin-right:10px}#onetrust-pc-sdk #ot-pc-desc .privacy-notice-link{margin-left:0;margin-right:8px}#onetrust-pc-sdk #ot-pc-desc .ot-imprint-handler{margin-left:0;margin-right:8px}#onetrust-pc-sdk .ot-subgrp-cntr{display:inline-block;clear:both;width:100%;padding-top:15px}#onetrust-pc-sdk .ot-switch+.ot-subgrp-cntr{padding-top:10px}#onetrust-pc-sdk ul.ot-subgrps{margin:0;font-size:initial}#onetrust-pc-sdk ul.ot-subgrps li p,#onetrust-pc-sdk ul.ot-subgrps li h5{font-size:.813em;line-height:1.4;color:dimgray}#onetrust-pc-sdk ul.ot-subgrps .ot-switch{min-height:auto}#onetrust-pc-sdk ul.ot-subgrps .ot-switch-nob{top:0}#onetrust-pc-sdk ul.ot-subgrps .ot-acc-hdr{display:inline-block;width:100%}#onetrust-pc-sdk ul.ot-subgrps .ot-acc-txt{margin:0}#onetrust-pc-sdk ul.ot-subgrps li{padding:0;border:none}#onetrust-pc-sdk ul.ot-subgrps li h5{position:relative;top:5px;font-weight:bold;margin-bottom:0;float:left}#onetrust-pc-sdk li.ot-subgrp{margin-left:20px;overflow:auto}#onetrust-pc-sdk li.ot-subgrp>h5{width:calc(100% - 100px)}#onetrust-pc-sdk .ot-cat-item p>ul,#onetrust-pc-sdk li.ot-subgrp p>ul{margin:0px;list-style:disc;margin-left:15px;font-size:inherit}#onetrust-pc-sdk .ot-cat-item p>ul li,#onetrust-pc-sdk li.ot-subgrp p>ul li{font-size:inherit;padding-top:10px;padding-left:0px;padding-right:0px;border:none}#onetrust-pc-sdk .ot-cat-item p>ul li:last-child,#onetrust-pc-sdk li.ot-subgrp p>ul li:last-child{padding-bottom:10px}#onetrust-pc-sdk .ot-pc-logo{height:40px;width:120px}#onetrust-pc-sdk .ot-pc-footer{position:absolute;bottom:0px;width:100%;max-height:160px;border-top:1px solid #d8d8d8}#onetrust-pc-sdk.ot-ftr-stacked .ot-pc-refuse-all-handler{margin-bottom:0px}#onetrust-pc-sdk.ot-ftr-stacked #ot-pc-content{bottom:160px}#onetrust-pc-sdk.ot-ftr-stacked .ot-pc-footer button{width:100%;max-width:none}#onetrust-pc-sdk.ot-ftr-stacked .ot-btn-container{margin:0 30px;width:calc(100% - 60px);padding-right:0}#onetrust-pc-sdk .ot-pc-footer-logo{height:30px;width:100%;text-align:right;background:#f4f4f4}#onetrust-pc-sdk .ot-pc-footer-logo a{display:inline-block;margin-top:5px;margin-right:10px}#onetrust-pc-sdk[dir=rtl] .ot-pc-footer-logo{direction:rtl}#onetrust-pc-sdk[dir=rtl] .ot-pc-footer-logo a{margin-right:25px}#onetrust-pc-sdk .ot-tgl{float:right;position:relative;z-index:1}#onetrust-pc-sdk .ot-tgl input:checked+.ot-switch .ot-switch-nob{background-color:#468254;border:1px solid #fff}#onetrust-pc-sdk .ot-tgl input:checked+.ot-switch .ot-switch-nob:before{-webkit-transform:translateX(20px);-ms-transform:translateX(20px);transform:translateX(20px);background-color:#fff;border-color:#fff}#onetrust-pc-sdk .ot-tgl input:focus+.ot-switch{outline:#000 solid 1px}#onetrust-pc-sdk .ot-switch{position:relative;display:inline-block;width:45px;height:25px}#onetrust-pc-sdk .ot-switch-nob{position:absolute;cursor:pointer;top:0;left:0;right:0;bottom:0;background-color:#767676;border:1px solid #ddd;transition:all .2s ease-in 0s;-moz-transition:all .2s ease-in 0s;-o-transition:all .2s ease-in 0s;-webkit-transition:all .2s ease-in 0s;border-radius:20px}#onetrust-pc-sdk .ot-switch-nob:before{position:absolute;content:"";height:18px;width:18px;bottom:3px;left:3px;background-color:#fff;-webkit-transition:.4s;transition:.4s;border-radius:20px}#onetrust-pc-sdk .ot-chkbox input:checked~label::before{background-color:#3860be}#onetrust-pc-sdk .ot-chkbox input+label::after{content:none;color:#fff}#onetrust-pc-sdk .ot-chkbox input:checked+label::after{content:""}#onetrust-pc-sdk .ot-chkbox input:focus+label::before{outline-style:solid;outline-width:2px;outline-style:auto}#onetrust-pc-sdk .ot-chkbox label{position:relative;display:inline-block;padding-left:30px;cursor:pointer;font-weight:500}#onetrust-pc-sdk .ot-chkbox label::before,#onetrust-pc-sdk .ot-chkbox label::after{position:absolute;content:"";display:inline-block;border-radius:3px}#onetrust-pc-sdk .ot-chkbox label::before{height:18px;width:18px;border:1px solid #3860be;left:0px;top:auto}#onetrust-pc-sdk .ot-chkbox label::after{height:5px;width:9px;border-left:3px solid;border-bottom:3px solid;transform:rotate(-45deg);-o-transform:rotate(-45deg);-ms-transform:rotate(-45deg);-webkit-transform:rotate(-45deg);left:4px;top:5px}#onetrust-pc-sdk .ot-label-txt{display:none}#onetrust-pc-sdk .ot-chkbox input,#onetrust-pc-sdk .ot-tgl input{position:absolute;opacity:0;width:0;height:0}#onetrust-pc-sdk .ot-arw-cntr{float:right;position:relative;pointer-events:none}#onetrust-pc-sdk .ot-arw-cntr .ot-arw{width:16px;height:16px;margin-left:5px;color:dimgray;display:inline-block;vertical-align:middle;-webkit-transition:all 150ms ease-in 0s;-moz-transition:all 150ms ease-in 0s;-o-transition:all 150ms ease-in 0s;transition:all 150ms ease-in 0s}#onetrust-pc-sdk input:checked~.ot-acc-hdr .ot-arw,#onetrust-pc-sdk button[aria-expanded=true]~.ot-acc-hdr .ot-arw-cntr svg{transform:rotate(90deg);-o-transform:rotate(90deg);-ms-transform:rotate(90deg);-webkit-transform:rotate(90deg)}#onetrust-pc-sdk input[type=checkbox]:focus+.ot-acc-hdr{outline:#000 1px solid}#onetrust-pc-sdk .ot-tgl-cntr,#onetrust-pc-sdk .ot-arw-cntr{display:inline-block}#onetrust-pc-sdk .ot-tgl-cntr{width:45px;float:right;margin-top:2px}#onetrust-pc-sdk #ot-lst-cnt .ot-tgl-cntr{margin-top:10px}#onetrust-pc-sdk .ot-always-active-subgroup{width:auto;padding-left:0px !important;top:3px;position:relative}#onetrust-pc-sdk .ot-label-status{padding-left:5px;font-size:.75em;display:none}#onetrust-pc-sdk .ot-arw-cntr{margin-top:-1px}#onetrust-pc-sdk .ot-arw-cntr svg{-webkit-transition:all 300ms ease-in 0s;-moz-transition:all 300ms ease-in 0s;-o-transition:all 300ms ease-in 0s;transition:all 300ms ease-in 0s;height:10px;width:10px}#onetrust-pc-sdk input:checked~.ot-acc-hdr .ot-arw{transform:rotate(90deg);-o-transform:rotate(90deg);-ms-transform:rotate(90deg);-webkit-transform:rotate(90deg)}#onetrust-pc-sdk .ot-arw{width:10px;margin-left:15px;transition:all 300ms ease-in 0s;-webkit-transition:all 300ms ease-in 0s;-moz-transition:all 300ms ease-in 0s;-o-transition:all 300ms ease-in 0s}#onetrust-pc-sdk .ot-vlst-cntr{margin-bottom:0}#onetrust-pc-sdk .ot-hlst-cntr{margin-top:5px;display:inline-block;width:100%}#onetrust-pc-sdk .category-vendors-list-handler,#onetrust-pc-sdk .category-vendors-list-handler+a,#onetrust-pc-sdk .category-host-list-handler{clear:both;color:#3860be;margin-left:0;font-size:.813em;text-decoration:none;float:left;overflow:hidden}#onetrust-pc-sdk .category-vendors-list-handler:hover,#onetrust-pc-sdk .category-vendors-list-handler+a:hover,#onetrust-pc-sdk .category-host-list-handler:hover{text-decoration-line:underline}#onetrust-pc-sdk .category-vendors-list-handler+a{clear:none}#onetrust-pc-sdk .ot-vlst-cntr .ot-ext-lnk,#onetrust-pc-sdk .ot-ven-hdr .ot-ext-lnk{display:inline-block;height:13px;width:13px;background-repeat:no-repeat;margin-left:1px;margin-top:6px;cursor:pointer}#onetrust-pc-sdk .ot-ven-hdr .ot-ext-lnk{margin-bottom:-1px}#onetrust-pc-sdk .back-btn-handler{font-size:1em;text-decoration:none}#onetrust-pc-sdk .back-btn-handler:hover{opacity:.6}#onetrust-pc-sdk #ot-lst-title h3{display:inline-block;word-break:break-word;word-wrap:break-word;margin-bottom:0;color:#656565;font-size:1em;font-weight:bold;margin-left:15px}#onetrust-pc-sdk #ot-lst-title{margin:10px 0 10px 0px;font-size:1em;text-align:left}#onetrust-pc-sdk #ot-pc-hdr{margin:0 0 0 30px;height:auto;width:auto}#onetrust-pc-sdk #ot-pc-hdr input::placeholder{color:#d4d4d4;font-style:italic}#onetrust-pc-sdk #vendor-search-handler{height:31px;width:100%;border-radius:50px;font-size:.8em;padding-right:35px;padding-left:15px;float:left;margin-left:15px}#onetrust-pc-sdk .ot-ven-name{display:block;width:auto;padding-right:5px}#onetrust-pc-sdk #ot-lst-cnt{overflow-y:auto;margin-left:20px;margin-right:7px;width:calc(100% - 27px);max-height:calc(100% - 80px);height:100%;transform:translate3d(0, 0, 0)}#onetrust-pc-sdk #ot-pc-lst{width:100%;bottom:100px;position:absolute;top:60px}#onetrust-pc-sdk #ot-pc-lst:not(.ot-enbl-chr) .ot-tgl-cntr .ot-arw-cntr,#onetrust-pc-sdk #ot-pc-lst:not(.ot-enbl-chr) .ot-tgl-cntr .ot-arw-cntr *{visibility:hidden}#onetrust-pc-sdk #ot-pc-lst .ot-tgl-cntr{right:12px;position:absolute}#onetrust-pc-sdk #ot-pc-lst .ot-arw-cntr{float:right;position:relative}#onetrust-pc-sdk #ot-pc-lst .ot-arw{margin-left:10px}#onetrust-pc-sdk #ot-pc-lst .ot-acc-hdr{overflow:hidden;cursor:pointer}#onetrust-pc-sdk .ot-vlst-cntr{overflow:hidden}#onetrust-pc-sdk #ot-sel-blk{overflow:hidden;width:100%;position:sticky;position:-webkit-sticky;top:0;z-index:3}#onetrust-pc-sdk #ot-back-arw{height:12px;width:12px}#onetrust-pc-sdk .ot-lst-subhdr{width:100%;display:inline-block}#onetrust-pc-sdk .ot-search-cntr{float:left;width:78%;position:relative}#onetrust-pc-sdk .ot-search-cntr>svg{width:30px;height:30px;position:absolute;float:left;right:-15px}#onetrust-pc-sdk .ot-fltr-cntr{float:right;right:50px;position:relative}#onetrust-pc-sdk #filter-btn-handler{background-color:#3860be;border-radius:17px;display:inline-block;position:relative;width:32px;height:32px;-moz-transition:.1s ease;-o-transition:.1s ease;-webkit-transition:1s ease;transition:.1s ease;padding:0;margin:0}#onetrust-pc-sdk #filter-btn-handler:hover{background-color:#3860be}#onetrust-pc-sdk #filter-btn-handler svg{width:12px;height:12px;margin:3px 10px 0 10px;display:block;position:static;right:auto;top:auto}#onetrust-pc-sdk .ot-ven-link,#onetrust-pc-sdk .ot-ven-legclaim-link{color:#3860be;text-decoration:none;font-weight:100;display:inline-block;padding-top:10px;transform:translate(0, 1%);-o-transform:translate(0, 1%);-ms-transform:translate(0, 1%);-webkit-transform:translate(0, 1%);position:relative;z-index:2}#onetrust-pc-sdk .ot-ven-link *,#onetrust-pc-sdk .ot-ven-legclaim-link *{font-size:inherit}#onetrust-pc-sdk .ot-ven-link:hover,#onetrust-pc-sdk .ot-ven-legclaim-link:hover{text-decoration:underline}#onetrust-pc-sdk .ot-ven-hdr{width:calc(100% - 160px);height:auto;float:left;word-break:break-word;word-wrap:break-word;vertical-align:middle;padding-bottom:3px}#onetrust-pc-sdk .ot-ven-link,#onetrust-pc-sdk .ot-ven-legclaim-link{letter-spacing:.03em;font-size:.75em;font-weight:400}#onetrust-pc-sdk .ot-ven-dets{border-radius:2px;background-color:#f8f8f8}#onetrust-pc-sdk .ot-ven-dets li:first-child p:first-child{border-top:none}#onetrust-pc-sdk .ot-ven-dets .ot-ven-disc:not(:first-child){border-top:1px solid #ddd !important}#onetrust-pc-sdk .ot-ven-dets .ot-ven-disc:nth-child(n+3) p{display:inline-block}#onetrust-pc-sdk .ot-ven-dets .ot-ven-disc:nth-child(n+3) p:nth-of-type(odd){width:30%}#onetrust-pc-sdk .ot-ven-dets .ot-ven-disc:nth-child(n+3) p:nth-of-type(even){width:50%;word-break:break-word;word-wrap:break-word}#onetrust-pc-sdk .ot-ven-dets .ot-ven-disc p,#onetrust-pc-sdk .ot-ven-dets .ot-ven-disc h5{padding-top:5px;padding-bottom:5px;display:block}#onetrust-pc-sdk .ot-ven-dets .ot-ven-disc h5{display:inline-block}#onetrust-pc-sdk .ot-ven-dets .ot-ven-disc p:nth-last-child(-n+1){padding-bottom:10px}#onetrust-pc-sdk .ot-ven-dets .ot-ven-disc p:nth-child(-n+2):not(.disc-pur){padding-top:10px}#onetrust-pc-sdk .ot-ven-dets .ot-ven-disc .disc-pur-cont{display:inline}#onetrust-pc-sdk .ot-ven-dets .ot-ven-disc .disc-pur{position:relative;width:50% !important;word-break:break-word;word-wrap:break-word;left:calc(30% + 17px)}#onetrust-pc-sdk .ot-ven-dets .ot-ven-disc .disc-pur:nth-child(-n+1){position:static}#onetrust-pc-sdk .ot-ven-dets p,#onetrust-pc-sdk .ot-ven-dets h5,#onetrust-pc-sdk .ot-ven-dets span{font-size:.69em;text-align:left;vertical-align:middle;word-break:break-word;word-wrap:break-word;margin:0;padding-bottom:10px;padding-left:15px;color:#2e3644}#onetrust-pc-sdk .ot-ven-dets h5{padding-top:5px}#onetrust-pc-sdk .ot-ven-dets span{color:dimgray;padding:0;vertical-align:baseline}#onetrust-pc-sdk .ot-ven-dets .ot-ven-pur h5{border-top:1px solid #e9e9e9;border-bottom:1px solid #e9e9e9;padding-bottom:5px;margin-bottom:5px;font-weight:bold}#onetrust-pc-sdk #ot-host-lst .ot-sel-all{float:right;position:relative;margin-right:42px;top:10px}#onetrust-pc-sdk #ot-host-lst .ot-sel-all input[type=checkbox]{width:auto;height:auto}#onetrust-pc-sdk #ot-host-lst .ot-sel-all label{height:20px;width:20px;padding-left:0px}#onetrust-pc-sdk #ot-host-lst .ot-acc-txt{overflow:hidden;width:95%}#onetrust-pc-sdk .ot-host-hdr{position:relative;z-index:1;pointer-events:none;width:calc(100% - 125px);float:left}#onetrust-pc-sdk .ot-host-name,#onetrust-pc-sdk .ot-host-desc{display:inline-block;width:90%}#onetrust-pc-sdk .ot-host-name{pointer-events:none}#onetrust-pc-sdk .ot-host-hdr>a{text-decoration:underline;font-size:.82em;position:relative;z-index:2;float:left;margin-bottom:5px;pointer-events:initial}#onetrust-pc-sdk .ot-host-name+a{margin-top:5px}#onetrust-pc-sdk .ot-host-name,#onetrust-pc-sdk .ot-host-name a,#onetrust-pc-sdk .ot-host-desc,#onetrust-pc-sdk .ot-host-info{color:dimgray;word-break:break-word;word-wrap:break-word}#onetrust-pc-sdk .ot-host-name,#onetrust-pc-sdk .ot-host-name a{font-weight:bold;font-size:.82em;line-height:1.3}#onetrust-pc-sdk .ot-host-name a{font-size:1em}#onetrust-pc-sdk .ot-host-expand{margin-top:3px;margin-bottom:3px;clear:both;display:block;color:#3860be;font-size:.72em;font-weight:normal}#onetrust-pc-sdk .ot-host-expand *{font-size:inherit}#onetrust-pc-sdk .ot-host-desc,#onetrust-pc-sdk .ot-host-info{font-size:.688em;line-height:1.4;font-weight:normal}#onetrust-pc-sdk .ot-host-desc{margin-top:10px}#onetrust-pc-sdk .ot-host-opt{margin:0;font-size:inherit;display:inline-block;width:100%}#onetrust-pc-sdk .ot-host-opt li>div div{font-size:.8em;padding:5px 0}#onetrust-pc-sdk .ot-host-opt li>div div:nth-child(1){width:30%;float:left}#onetrust-pc-sdk .ot-host-opt li>div div:nth-child(2){width:70%;float:left;word-break:break-word;word-wrap:break-word}#onetrust-pc-sdk .ot-host-info{border:none;display:inline-block;width:calc(100% - 10px);padding:10px;margin-bottom:10px;background-color:#f8f8f8}#onetrust-pc-sdk .ot-host-info>div{overflow:auto}#onetrust-pc-sdk #no-results{text-align:center;margin-top:30px}#onetrust-pc-sdk #no-results p{font-size:1em;color:#2e3644;word-break:break-word;word-wrap:break-word}#onetrust-pc-sdk #no-results p span{font-weight:bold}#onetrust-pc-sdk #ot-fltr-modal{width:100%;height:auto;display:none;-moz-transition:.2s ease;-o-transition:.2s ease;-webkit-transition:2s ease;transition:.2s ease;overflow:hidden;opacity:1;right:0}#onetrust-pc-sdk #ot-fltr-modal .ot-label-txt{display:inline-block;font-size:.85em;color:dimgray}#onetrust-pc-sdk #ot-fltr-cnt{z-index:2147483646;background-color:#fff;position:absolute;height:90%;max-height:300px;width:325px;left:210px;margin-top:10px;margin-bottom:20px;padding-right:10px;border-radius:3px;-webkit-box-shadow:0px 0px 12px 2px #c7c5c7;-moz-box-shadow:0px 0px 12px 2px #c7c5c7;box-shadow:0px 0px 12px 2px #c7c5c7}#onetrust-pc-sdk .ot-fltr-scrlcnt{overflow-y:auto;overflow-x:hidden;clear:both;max-height:calc(100% - 60px)}#onetrust-pc-sdk #ot-anchor{border:12px solid rgba(0,0,0,0);display:none;position:absolute;z-index:2147483647;right:55px;top:75px;transform:rotate(45deg);-o-transform:rotate(45deg);-ms-transform:rotate(45deg);-webkit-transform:rotate(45deg);background-color:#fff;-webkit-box-shadow:-3px -3px 5px -2px #c7c5c7;-moz-box-shadow:-3px -3px 5px -2px #c7c5c7;box-shadow:-3px -3px 5px -2px #c7c5c7}#onetrust-pc-sdk .ot-fltr-btns{margin-left:15px}#onetrust-pc-sdk #filter-apply-handler{margin-right:15px}#onetrust-pc-sdk .ot-fltr-opt{margin-bottom:25px;margin-left:15px;width:75%;position:relative}#onetrust-pc-sdk .ot-fltr-opt p{display:inline-block;margin:0;font-size:.9em;color:#2e3644}#onetrust-pc-sdk .ot-chkbox label span{font-size:.85em;color:dimgray}#onetrust-pc-sdk .ot-chkbox input[type=checkbox]+label::after{content:none;color:#fff}#onetrust-pc-sdk .ot-chkbox input[type=checkbox]:checked+label::after{content:""}#onetrust-pc-sdk .ot-chkbox input[type=checkbox]:focus+label::before{outline-style:solid;outline-width:2px;outline-style:auto}#onetrust-pc-sdk #ot-selall-vencntr,#onetrust-pc-sdk #ot-selall-adtlvencntr,#onetrust-pc-sdk #ot-selall-hostcntr,#onetrust-pc-sdk #ot-selall-licntr,#onetrust-pc-sdk #ot-selall-gnvencntr{right:15px;position:relative;width:20px;height:20px;float:right}#onetrust-pc-sdk #ot-selall-vencntr label,#onetrust-pc-sdk #ot-selall-adtlvencntr label,#onetrust-pc-sdk #ot-selall-hostcntr label,#onetrust-pc-sdk #ot-selall-licntr label,#onetrust-pc-sdk #ot-selall-gnvencntr label{float:left;padding-left:0}#onetrust-pc-sdk #ot-ven-lst:first-child{border-top:1px solid #e2e2e2}#onetrust-pc-sdk ul{list-style:none;padding:0}#onetrust-pc-sdk ul li{position:relative;margin:0;padding:15px 15px 15px 10px;border-bottom:1px solid #e2e2e2}#onetrust-pc-sdk ul li h3,#onetrust-pc-sdk ul li h4{font-size:.75em;color:#656565;margin:0;display:inline-block;width:70%;height:auto;word-break:break-word;word-wrap:break-word}#onetrust-pc-sdk ul li p{margin:0;font-size:.7em}#onetrust-pc-sdk ul li input[type=checkbox]{position:absolute;cursor:pointer;width:100%;height:100%;opacity:0;margin:0;top:0;left:0}#onetrust-pc-sdk .ot-cat-item>button:focus,#onetrust-pc-sdk .ot-acc-cntr>button:focus,#onetrust-pc-sdk li>button:focus{outline:#000 solid 2px}#onetrust-pc-sdk .ot-cat-item>button,#onetrust-pc-sdk .ot-acc-cntr>button,#onetrust-pc-sdk li>button{position:absolute;cursor:pointer;width:100%;height:100%;margin:0;top:0;left:0;z-index:1;max-width:none;border:none}#onetrust-pc-sdk .ot-cat-item>button[aria-expanded=false]~.ot-acc-txt,#onetrust-pc-sdk .ot-acc-cntr>button[aria-expanded=false]~.ot-acc-txt,#onetrust-pc-sdk li>button[aria-expanded=false]~.ot-acc-txt{margin-top:0;max-height:0;opacity:0;overflow:hidden;width:100%;transition:.25s ease-out;display:none}#onetrust-pc-sdk .ot-cat-item>button[aria-expanded=true]~.ot-acc-txt,#onetrust-pc-sdk .ot-acc-cntr>button[aria-expanded=true]~.ot-acc-txt,#onetrust-pc-sdk li>button[aria-expanded=true]~.ot-acc-txt{transition:.1s ease-in;margin-top:10px;width:100%;overflow:auto;display:block}#onetrust-pc-sdk .ot-cat-item>button[aria-expanded=true]~.ot-acc-grpcntr,#onetrust-pc-sdk .ot-acc-cntr>button[aria-expanded=true]~.ot-acc-grpcntr,#onetrust-pc-sdk li>button[aria-expanded=true]~.ot-acc-grpcntr{width:auto;margin-top:0px;padding-bottom:10px}#onetrust-pc-sdk .ot-host-item>button:focus,#onetrust-pc-sdk .ot-ven-item>button:focus{outline:0;border:2px solid #000}#onetrust-pc-sdk .ot-hide-acc>button{pointer-events:none}#onetrust-pc-sdk .ot-hide-acc .ot-plus-minus>*,#onetrust-pc-sdk .ot-hide-acc .ot-arw-cntr>*{visibility:hidden}#onetrust-pc-sdk .ot-hide-acc .ot-acc-hdr{min-height:30px}#onetrust-pc-sdk.ot-addtl-vendors #ot-lst-cnt:not(.ot-host-cnt){padding-right:10px;width:calc(100% - 37px);margin-top:10px;max-height:calc(100% - 90px)}#onetrust-pc-sdk.ot-addtl-vendors #ot-lst-cnt:not(.ot-host-cnt) #ot-sel-blk{background-color:#f9f9fc;border:1px solid #e2e2e2;width:calc(100% - 2px);padding-bottom:5px;padding-top:5px}#onetrust-pc-sdk.ot-addtl-vendors #ot-lst-cnt:not(.ot-host-cnt) #ot-sel-blk.ot-vnd-list-cnt{border:unset;background-color:unset}#onetrust-pc-sdk.ot-addtl-vendors #ot-lst-cnt:not(.ot-host-cnt) #ot-sel-blk.ot-vnd-list-cnt .ot-sel-all-hdr{display:none}#onetrust-pc-sdk.ot-addtl-vendors #ot-lst-cnt:not(.ot-host-cnt) #ot-sel-blk.ot-vnd-list-cnt .ot-sel-all{padding-right:.5rem}#onetrust-pc-sdk.ot-addtl-vendors #ot-lst-cnt:not(.ot-host-cnt) #ot-sel-blk.ot-vnd-list-cnt .ot-sel-all .ot-chkbox{right:0}#onetrust-pc-sdk.ot-addtl-vendors #ot-lst-cnt:not(.ot-host-cnt) .ot-sel-all{padding-right:34px}#onetrust-pc-sdk.ot-addtl-vendors #ot-lst-cnt:not(.ot-host-cnt) .ot-sel-all-chkbox{width:auto}#onetrust-pc-sdk.ot-addtl-vendors #ot-lst-cnt:not(.ot-host-cnt) ul li{border:1px solid #e2e2e2;margin-bottom:10px}#onetrust-pc-sdk.ot-addtl-vendors #ot-lst-cnt:not(.ot-host-cnt) .ot-acc-cntr>.ot-acc-hdr{padding:10px 0 10px 15px}#onetrust-pc-sdk.ot-addtl-vendors .ot-sel-all-chkbox{float:right}#onetrust-pc-sdk.ot-addtl-vendors .ot-plus-minus~.ot-sel-all-chkbox{right:34px}#onetrust-pc-sdk.ot-addtl-vendors #ot-ven-lst:first-child{border-top:none}#onetrust-pc-sdk .ot-acc-cntr{position:relative;border-left:1px solid #e2e2e2;border-right:1px solid #e2e2e2;border-bottom:1px solid #e2e2e2}#onetrust-pc-sdk .ot-acc-cntr input{z-index:1}#onetrust-pc-sdk .ot-acc-cntr>.ot-acc-hdr{background-color:#f9f9fc;padding:5px 0 5px 15px;width:auto}#onetrust-pc-sdk .ot-acc-cntr>.ot-acc-hdr .ot-plus-minus{vertical-align:middle;top:auto}#onetrust-pc-sdk .ot-acc-cntr>.ot-acc-hdr .ot-arw-cntr{right:10px}#onetrust-pc-sdk .ot-acc-cntr>.ot-acc-hdr input{z-index:2}#onetrust-pc-sdk .ot-acc-cntr.ot-add-tech .ot-acc-hdr{padding:10px 0 10px 15px}#onetrust-pc-sdk .ot-acc-cntr>input[type=checkbox]:checked~.ot-acc-hdr{border-bottom:1px solid #e2e2e2}#onetrust-pc-sdk .ot-acc-cntr>.ot-acc-txt{padding-left:10px;padding-right:10px}#onetrust-pc-sdk .ot-acc-cntr button[aria-expanded=true]~.ot-acc-txt{width:auto}#onetrust-pc-sdk .ot-acc-cntr .ot-addtl-venbox{display:none}#onetrust-pc-sdk .ot-vlst-cntr{margin-bottom:0;width:100%}#onetrust-pc-sdk .ot-vensec-title{font-size:.813em;vertical-align:middle;display:inline-block}#onetrust-pc-sdk .category-vendors-list-handler,#onetrust-pc-sdk .category-vendors-list-handler+a{margin-left:0;margin-top:10px}#onetrust-pc-sdk #ot-selall-vencntr.line-through label::after,#onetrust-pc-sdk #ot-selall-adtlvencntr.line-through label::after,#onetrust-pc-sdk #ot-selall-licntr.line-through label::after,#onetrust-pc-sdk #ot-selall-hostcntr.line-through label::after,#onetrust-pc-sdk #ot-selall-gnvencntr.line-through label::after{height:auto;border-left:0;transform:none;-o-transform:none;-ms-transform:none;-webkit-transform:none;left:5px;top:9px}#onetrust-pc-sdk #ot-category-title{float:left;padding-bottom:10px;font-size:1em;width:100%}#onetrust-pc-sdk .ot-cat-grp{margin-top:10px}#onetrust-pc-sdk .ot-cat-item{line-height:1.1;margin-top:10px;display:inline-block;width:100%}#onetrust-pc-sdk .ot-btn-container{text-align:right}#onetrust-pc-sdk .ot-btn-container button{display:inline-block;font-size:.75em;letter-spacing:.08em;margin-top:19px}#onetrust-pc-sdk #close-pc-btn-handler.ot-close-icon{position:absolute;top:10px;right:0;z-index:1;padding:0;background-color:rgba(0,0,0,0);border:none}#onetrust-pc-sdk #close-pc-btn-handler.ot-close-icon svg{display:block;height:10px;width:10px}#onetrust-pc-sdk #clear-filters-handler{margin-top:20px;margin-bottom:10px;float:right;max-width:200px;text-decoration:none;color:#3860be;font-size:.9em;font-weight:bold;background-color:rgba(0,0,0,0);border-color:rgba(0,0,0,0);padding:1px}#onetrust-pc-sdk #clear-filters-handler:hover{color:#2285f7}#onetrust-pc-sdk #clear-filters-handler:focus{outline:#000 solid 1px}#onetrust-pc-sdk .ot-enbl-chr h4~.ot-tgl,#onetrust-pc-sdk .ot-enbl-chr h4~.ot-always-active{right:45px}#onetrust-pc-sdk .ot-enbl-chr h4~.ot-tgl+.ot-tgl{right:120px}#onetrust-pc-sdk .ot-enbl-chr .ot-pli-hdr.ot-leg-border-color span:first-child{width:90px}#onetrust-pc-sdk .ot-enbl-chr li.ot-subgrp>h5+.ot-tgl-cntr{padding-right:25px}#onetrust-pc-sdk .ot-plus-minus{width:20px;height:20px;font-size:1.5em;position:relative;display:inline-block;margin-right:5px;top:3px}#onetrust-pc-sdk .ot-plus-minus span{position:absolute;background:#27455c;border-radius:1px}#onetrust-pc-sdk .ot-plus-minus span:first-of-type{top:25%;bottom:25%;width:10%;left:45%}#onetrust-pc-sdk .ot-plus-minus span:last-of-type{left:25%;right:25%;height:10%;top:45%}#onetrust-pc-sdk button[aria-expanded=true]~.ot-acc-hdr .ot-arw,#onetrust-pc-sdk button[aria-expanded=true]~.ot-acc-hdr .ot-plus-minus span:first-of-type,#onetrust-pc-sdk button[aria-expanded=true]~.ot-acc-hdr .ot-plus-minus span:last-of-type{transform:rotate(90deg)}#onetrust-pc-sdk button[aria-expanded=true]~.ot-acc-hdr .ot-plus-minus span:last-of-type{left:50%;right:50%}#onetrust-pc-sdk #ot-selall-vencntr label,#onetrust-pc-sdk #ot-selall-adtlvencntr label,#onetrust-pc-sdk #ot-selall-hostcntr label,#onetrust-pc-sdk #ot-selall-licntr label{position:relative;display:inline-block;width:20px;height:20px}#onetrust-pc-sdk .ot-host-item .ot-plus-minus,#onetrust-pc-sdk .ot-ven-item .ot-plus-minus{float:left;margin-right:8px;top:10px}#onetrust-pc-sdk .ot-ven-item ul{list-style:none inside;font-size:100%;margin:0}#onetrust-pc-sdk .ot-ven-item ul li{margin:0 !important;padding:0;border:none !important}#onetrust-pc-sdk .ot-pli-hdr{color:#77808e;overflow:hidden;padding-top:7.5px;padding-bottom:7.5px;width:calc(100% - 2px);border-top-left-radius:3px;border-top-right-radius:3px}#onetrust-pc-sdk .ot-pli-hdr span:first-child{top:50%;transform:translateY(50%);max-width:90px}#onetrust-pc-sdk .ot-pli-hdr span:last-child{padding-right:10px;max-width:95px;text-align:center}#onetrust-pc-sdk .ot-li-title{float:right;font-size:.813em}#onetrust-pc-sdk .ot-pli-hdr.ot-leg-border-color{background-color:#f4f4f4;border:1px solid #d8d8d8}#onetrust-pc-sdk .ot-pli-hdr.ot-leg-border-color span:first-child{text-align:left;width:70px}#onetrust-pc-sdk li.ot-subgrp>h5,#onetrust-pc-sdk .ot-cat-header{width:calc(100% - 130px)}#onetrust-pc-sdk li.ot-subgrp>h5+.ot-tgl-cntr{padding-left:13px}#onetrust-pc-sdk .ot-acc-grpcntr .ot-acc-grpdesc{margin-bottom:5px}#onetrust-pc-sdk .ot-acc-grpcntr .ot-subgrp-cntr{border-top:1px solid #d8d8d8}#onetrust-pc-sdk .ot-acc-grpcntr .ot-vlst-cntr+.ot-subgrp-cntr{border-top:none}#onetrust-pc-sdk .ot-acc-hdr .ot-arw-cntr+.ot-tgl-cntr,#onetrust-pc-sdk .ot-acc-txt h4+.ot-tgl-cntr{padding-left:13px}#onetrust-pc-sdk .ot-pli-hdr~.ot-cat-item .ot-subgrp>h5,#onetrust-pc-sdk .ot-pli-hdr~.ot-cat-item .ot-cat-header{width:calc(100% - 145px)}#onetrust-pc-sdk .ot-pli-hdr~.ot-cat-item h5+.ot-tgl-cntr,#onetrust-pc-sdk .ot-pli-hdr~.ot-cat-item .ot-cat-header+.ot-tgl{padding-left:28px}#onetrust-pc-sdk .ot-sel-all-hdr,#onetrust-pc-sdk .ot-sel-all-chkbox{display:inline-block;width:100%;position:relative}#onetrust-pc-sdk .ot-sel-all-chkbox{z-index:1}#onetrust-pc-sdk .ot-sel-all{margin:0;position:relative;padding-right:23px;float:right}#onetrust-pc-sdk .ot-consent-hdr,#onetrust-pc-sdk .ot-li-hdr{float:right;font-size:.812em;line-height:normal;text-align:center;word-break:break-word;word-wrap:break-word}#onetrust-pc-sdk .ot-li-hdr{max-width:100px;padding-right:10px}#onetrust-pc-sdk .ot-consent-hdr{max-width:55px}#onetrust-pc-sdk #ot-selall-licntr{display:block;width:21px;height:auto;float:right;position:relative;right:80px}#onetrust-pc-sdk #ot-selall-licntr label{position:absolute}#onetrust-pc-sdk .ot-ven-ctgl{margin-left:66px}#onetrust-pc-sdk .ot-ven-litgl+.ot-arw-cntr{margin-left:81px}#onetrust-pc-sdk .ot-enbl-chr .ot-host-cnt .ot-tgl-cntr{width:auto}#onetrust-pc-sdk #ot-lst-cnt:not(.ot-host-cnt) .ot-tgl-cntr{width:auto;top:auto;height:20px}#onetrust-pc-sdk #ot-lst-cnt .ot-chkbox{position:relative;display:inline-block;width:20px;height:20px}#onetrust-pc-sdk #ot-lst-cnt .ot-chkbox label{position:absolute;padding:0;width:20px;height:20px}#onetrust-pc-sdk #ot-lst-cnt .ot-vnd-info-cntr{border:1px solid #d8d8d8;padding:.75rem 2rem;padding-bottom:0;width:auto;margin-top:.5rem}#onetrust-pc-sdk .ot-acc-grpdesc+.ot-leg-btn-container{padding-left:20px;padding-right:20px;width:calc(100% - 40px);margin-bottom:5px}#onetrust-pc-sdk .ot-subgrp .ot-leg-btn-container{margin-bottom:5px}#onetrust-pc-sdk #ot-ven-lst .ot-leg-btn-container{margin-top:10px}#onetrust-pc-sdk .ot-leg-btn-container{display:inline-block;width:100%;margin-bottom:10px}#onetrust-pc-sdk .ot-leg-btn-container button{height:auto;padding:6.5px 8px;margin-bottom:0;letter-spacing:0;font-size:.75em;line-height:normal}#onetrust-pc-sdk .ot-leg-btn-container svg{display:none;height:14px;width:14px;padding-right:5px;vertical-align:sub}#onetrust-pc-sdk .ot-active-leg-btn{cursor:default;pointer-events:none}#onetrust-pc-sdk .ot-active-leg-btn svg{display:inline-block}#onetrust-pc-sdk .ot-remove-objection-handler{text-decoration:underline;padding:0;font-size:.75em;font-weight:600;line-height:1;padding-left:10px}#onetrust-pc-sdk .ot-obj-leg-btn-handler span{font-weight:bold;text-align:center;font-size:inherit;line-height:1.5}#onetrust-pc-sdk.ot-close-btn-link #close-pc-btn-handler{border:none;height:auto;line-height:1.5;text-decoration:underline;font-size:.69em;background:none;right:15px;top:15px;width:auto;font-weight:normal}#onetrust-pc-sdk .ot-pgph-link{font-size:.813em !important;margin-top:5px;position:relative}#onetrust-pc-sdk .ot-pgph-link.ot-pgph-link-subgroup{margin-bottom:1rem}#onetrust-pc-sdk .ot-pgph-contr{margin:0 2.5rem}#onetrust-pc-sdk .ot-pgph-title{font-size:1.18rem;margin-bottom:2rem}#onetrust-pc-sdk .ot-pgph-desc{font-size:1rem;font-weight:400;margin-bottom:2rem;line-height:1.5rem}#onetrust-pc-sdk .ot-pgph-desc:not(:last-child):after{content:"";width:96%;display:block;margin:0 auto;padding-bottom:2rem;border-bottom:1px solid #e9e9e9}#onetrust-pc-sdk .ot-cat-header{float:left;font-weight:600;font-size:.875em;line-height:1.5;max-width:90%;vertical-align:middle}#onetrust-pc-sdk .ot-vnd-item>button:focus{outline:#000 solid 2px}#onetrust-pc-sdk .ot-vnd-item>button{position:absolute;cursor:pointer;width:100%;height:100%;margin:0;top:0;left:0;z-index:1;max-width:none;border:none}#onetrust-pc-sdk .ot-vnd-item>button[aria-expanded=false]~.ot-acc-txt{margin-top:0;max-height:0;opacity:0;overflow:hidden;width:100%;transition:.25s ease-out;display:none}#onetrust-pc-sdk .ot-vnd-item>button[aria-expanded=true]~.ot-acc-txt{transition:.1s ease-in;margin-top:10px;width:100%;overflow:auto;display:block}#onetrust-pc-sdk .ot-vnd-item>button[aria-expanded=true]~.ot-acc-grpcntr{width:auto;margin-top:0px;padding-bottom:10px}#onetrust-pc-sdk .ot-accordion-layout.ot-cat-item{position:relative;border-radius:2px;margin:0;padding:0;border:1px solid #d8d8d8;border-top:none;width:calc(100% - 2px);float:left}#onetrust-pc-sdk .ot-accordion-layout.ot-cat-item:first-of-type{margin-top:10px;border-top:1px solid #d8d8d8}#onetrust-pc-sdk .ot-accordion-layout .ot-acc-grpdesc{padding-left:20px;padding-right:20px;width:calc(100% - 40px);font-size:.812em;margin-bottom:10px;margin-top:15px}#onetrust-pc-sdk .ot-accordion-layout .ot-acc-grpdesc>ul{padding-top:10px}#onetrust-pc-sdk .ot-accordion-layout .ot-acc-grpdesc>ul li{padding-top:0;line-height:1.5;padding-bottom:10px}#onetrust-pc-sdk .ot-accordion-layout div+.ot-acc-grpdesc{margin-top:5px}#onetrust-pc-sdk .ot-accordion-layout .ot-vlst-cntr:first-child{margin-top:10px}#onetrust-pc-sdk .ot-accordion-layout .ot-vlst-cntr:last-child,#onetrust-pc-sdk .ot-accordion-layout .ot-hlst-cntr:last-child{margin-bottom:5px}#onetrust-pc-sdk .ot-accordion-layout .ot-acc-hdr{padding-top:11.5px;padding-bottom:11.5px;padding-left:20px;padding-right:20px;width:calc(100% - 40px);display:inline-block}#onetrust-pc-sdk .ot-accordion-layout .ot-acc-txt{width:100%;padding:0}#onetrust-pc-sdk .ot-accordion-layout .ot-subgrp-cntr{padding-left:20px;padding-right:15px;padding-bottom:0;width:calc(100% - 35px)}#onetrust-pc-sdk .ot-accordion-layout .ot-subgrp{padding-right:5px}#onetrust-pc-sdk .ot-accordion-layout .ot-acc-grpcntr{z-index:1;position:relative}#onetrust-pc-sdk .ot-accordion-layout .ot-cat-header+.ot-arw-cntr{position:absolute;top:50%;transform:translateY(-50%);right:20px;margin-top:-2px}#onetrust-pc-sdk .ot-accordion-layout .ot-cat-header+.ot-arw-cntr .ot-arw{width:15px;height:20px;margin-left:5px;color:dimgray}#onetrust-pc-sdk .ot-accordion-layout .ot-cat-header{float:none;color:#2e3644;margin:0;display:inline-block;height:auto;word-wrap:break-word;min-height:inherit}#onetrust-pc-sdk .ot-accordion-layout .ot-vlst-cntr,#onetrust-pc-sdk .ot-accordion-layout .ot-hlst-cntr{padding-left:20px;width:calc(100% - 20px);display:inline-block;margin-top:0;padding-bottom:2px}#onetrust-pc-sdk .ot-accordion-layout .ot-acc-hdr{position:relative;min-height:25px}#onetrust-pc-sdk .ot-accordion-layout h4~.ot-tgl,#onetrust-pc-sdk .ot-accordion-layout h4~.ot-always-active{position:absolute;top:50%;transform:translateY(-50%);right:20px}#onetrust-pc-sdk .ot-accordion-layout h4~.ot-tgl+.ot-tgl{right:95px}#onetrust-pc-sdk .ot-accordion-layout .category-vendors-list-handler,#onetrust-pc-sdk .ot-accordion-layout .category-vendors-list-handler+a{margin-top:5px}#onetrust-pc-sdk #ot-lst-cnt{margin-top:1rem;max-height:calc(100% - 96px)}#onetrust-pc-sdk #ot-lst-cnt .ot-vnd-info-cntr{border:1px solid #d8d8d8;padding:.75rem 2rem;padding-bottom:0;width:auto;margin-top:.5rem}#onetrust-pc-sdk #ot-lst-cnt .ot-vnd-info{margin-bottom:1rem;padding-left:.75rem;padding-right:.75rem;display:flex;flex-direction:column}#onetrust-pc-sdk #ot-lst-cnt .ot-vnd-info[data-vnd-info-key*=DPOEmail]{border-top:1px solid #d8d8d8;padding-top:1rem}#onetrust-pc-sdk #ot-lst-cnt .ot-vnd-info[data-vnd-info-key*=DPOLink]{border-bottom:1px solid #d8d8d8;padding-bottom:1rem}#onetrust-pc-sdk #ot-lst-cnt .ot-vnd-info .ot-vnd-lbl{font-weight:bold;font-size:.85em;margin-bottom:.5rem}#onetrust-pc-sdk #ot-lst-cnt .ot-vnd-info .ot-vnd-cnt{margin-left:.5rem;font-weight:500;font-size:.85rem}#onetrust-pc-sdk .ot-vs-list,#onetrust-pc-sdk .ot-vnd-serv{width:auto;padding:1rem 1.25rem;padding-bottom:0}#onetrust-pc-sdk .ot-vs-list .ot-vnd-serv-hdr-cntr,#onetrust-pc-sdk .ot-vnd-serv .ot-vnd-serv-hdr-cntr{padding-bottom:.75rem;border-bottom:1px solid #d8d8d8}#onetrust-pc-sdk .ot-vs-list .ot-vnd-serv-hdr-cntr .ot-vnd-serv-hdr,#onetrust-pc-sdk .ot-vnd-serv .ot-vnd-serv-hdr-cntr .ot-vnd-serv-hdr{font-weight:600;font-size:.95em;line-height:2;margin-left:.5rem}#onetrust-pc-sdk .ot-vs-list .ot-vnd-item,#onetrust-pc-sdk .ot-vnd-serv .ot-vnd-item{border:none;margin:0;padding:0}#onetrust-pc-sdk .ot-vs-list .ot-vnd-item button,#onetrust-pc-sdk .ot-vnd-serv .ot-vnd-item button{outline:none;border-bottom:1px solid #d8d8d8}#onetrust-pc-sdk .ot-vs-list .ot-vnd-item button[aria-expanded=true],#onetrust-pc-sdk .ot-vnd-serv .ot-vnd-item button[aria-expanded=true]{border-bottom:none}#onetrust-pc-sdk .ot-vs-list .ot-vnd-item:first-child,#onetrust-pc-sdk .ot-vnd-serv .ot-vnd-item:first-child{margin-top:.25rem;border-top:unset}#onetrust-pc-sdk .ot-vs-list .ot-vnd-item:last-child,#onetrust-pc-sdk .ot-vnd-serv .ot-vnd-item:last-child{margin-bottom:.5rem}#onetrust-pc-sdk .ot-vs-list .ot-vnd-item:last-child button,#onetrust-pc-sdk .ot-vnd-serv .ot-vnd-item:last-child button{border-bottom:none}#onetrust-pc-sdk .ot-vs-list .ot-vnd-item .ot-vnd-info-cntr,#onetrust-pc-sdk .ot-vnd-serv .ot-vnd-item .ot-vnd-info-cntr{border:1px solid #d8d8d8;padding:.75rem 1.75rem;padding-bottom:0;width:auto;margin-top:.5rem}#onetrust-pc-sdk .ot-vs-list .ot-vnd-item .ot-vnd-info,#onetrust-pc-sdk .ot-vnd-serv .ot-vnd-item .ot-vnd-info{margin-bottom:1rem;padding-left:.75rem;padding-right:.75rem;display:flex;flex-direction:column}#onetrust-pc-sdk .ot-vs-list .ot-vnd-item .ot-vnd-info[data-vnd-info-key*=DPOEmail],#onetrust-pc-sdk .ot-vnd-serv .ot-vnd-item .ot-vnd-info[data-vnd-info-key*=DPOEmail]{border-top:1px solid #d8d8d8;padding-top:1rem}#onetrust-pc-sdk .ot-vs-list .ot-vnd-item .ot-vnd-info[data-vnd-info-key*=DPOLink],#onetrust-pc-sdk .ot-vnd-serv .ot-vnd-item .ot-vnd-info[data-vnd-info-key*=DPOLink]{border-bottom:1px solid #d8d8d8;padding-bottom:1rem}#onetrust-pc-sdk .ot-vs-list .ot-vnd-item .ot-vnd-info .ot-vnd-lbl,#onetrust-pc-sdk .ot-vnd-serv .ot-vnd-item .ot-vnd-info .ot-vnd-lbl{font-weight:bold;font-size:.85em;margin-bottom:.5rem}#onetrust-pc-sdk .ot-vs-list .ot-vnd-item .ot-vnd-info .ot-vnd-cnt,#onetrust-pc-sdk .ot-vnd-serv .ot-vnd-item .ot-vnd-info .ot-vnd-cnt{margin-left:.5rem;font-weight:500;font-size:.85rem}#onetrust-pc-sdk .ot-vs-list.ot-vnd-subgrp-cnt,#onetrust-pc-sdk .ot-vnd-serv.ot-vnd-subgrp-cnt{padding-left:40px}#onetrust-pc-sdk .ot-vs-list.ot-vnd-subgrp-cnt .ot-vnd-serv-hdr-cntr .ot-vnd-serv-hdr,#onetrust-pc-sdk .ot-vnd-serv.ot-vnd-subgrp-cnt .ot-vnd-serv-hdr-cntr .ot-vnd-serv-hdr{font-size:.8em}#onetrust-pc-sdk .ot-vs-list.ot-vnd-subgrp-cnt .ot-cat-header,#onetrust-pc-sdk .ot-vnd-serv.ot-vnd-subgrp-cnt .ot-cat-header{font-size:.8em}#onetrust-pc-sdk .ot-subgrp-cntr .ot-vnd-serv{margin-bottom:1rem;padding:1rem .95rem}#onetrust-pc-sdk .ot-subgrp-cntr .ot-vnd-serv .ot-vnd-serv-hdr-cntr{padding-bottom:.75rem;border-bottom:1px solid #d8d8d8}#onetrust-pc-sdk .ot-subgrp-cntr .ot-vnd-serv .ot-vnd-serv-hdr-cntr .ot-vnd-serv-hdr{font-weight:700;font-size:.8em;line-height:20px;margin-left:.82rem}#onetrust-pc-sdk .ot-subgrp-cntr .ot-cat-header{font-weight:700;font-size:.8em;line-height:20px}#onetrust-pc-sdk .ot-subgrp-cntr ul.ot-subgrps .ot-vnd-serv .ot-vnd-lst-cont .ot-accordion-layout .ot-acc-hdr div.ot-chkbox{margin-left:.82rem}#onetrust-pc-sdk .ot-vs-config .ot-acc-hdr,#onetrust-pc-sdk ul.ot-subgrps .ot-acc-hdr,#onetrust-pc-sdk .ot-subgrp-cntr ul.ot-subgrps .ot-acc-hdr,#onetrust-pc-sdk .ot-vs-list .ot-vnd-item .ot-acc-hdr,#onetrust-pc-sdk .ot-vnd-serv .ot-vnd-item .ot-acc-hdr,#onetrust-pc-sdk #ot-pc-lst .ot-vs-list .ot-vnd-item .ot-acc-hdr,#onetrust-pc-sdk .ot-accordion-layout.ot-checkbox-consent .ot-acc-hdr{padding:.7rem 0;margin:0;display:flex;width:100%;align-items:center;justify-content:space-between}#onetrust-pc-sdk .ot-vs-config .ot-acc-hdr div:first-child,#onetrust-pc-sdk ul.ot-subgrps .ot-acc-hdr div:first-child,#onetrust-pc-sdk .ot-subgrp-cntr ul.ot-subgrps .ot-acc-hdr div:first-child,#onetrust-pc-sdk .ot-vs-list .ot-vnd-item .ot-acc-hdr div:first-child,#onetrust-pc-sdk .ot-vnd-serv .ot-vnd-item .ot-acc-hdr div:first-child,#onetrust-pc-sdk #ot-pc-lst .ot-vs-list .ot-vnd-item .ot-acc-hdr div:first-child,#onetrust-pc-sdk .ot-accordion-layout.ot-checkbox-consent .ot-acc-hdr div:first-child{margin-left:.5rem}#onetrust-pc-sdk .ot-vs-config .ot-acc-hdr div:last-child,#onetrust-pc-sdk ul.ot-subgrps .ot-acc-hdr div:last-child,#onetrust-pc-sdk .ot-subgrp-cntr ul.ot-subgrps .ot-acc-hdr div:last-child,#onetrust-pc-sdk .ot-vs-list .ot-vnd-item .ot-acc-hdr div:last-child,#onetrust-pc-sdk .ot-vnd-serv .ot-vnd-item .ot-acc-hdr div:last-child,#onetrust-pc-sdk #ot-pc-lst .ot-vs-list .ot-vnd-item .ot-acc-hdr div:last-child,#onetrust-pc-sdk .ot-accordion-layout.ot-checkbox-consent .ot-acc-hdr div:last-child{margin-right:.5rem;margin-left:.5rem}#onetrust-pc-sdk .ot-vs-config .ot-acc-hdr .ot-always-active,#onetrust-pc-sdk ul.ot-subgrps .ot-acc-hdr .ot-always-active,#onetrust-pc-sdk .ot-subgrp-cntr ul.ot-subgrps .ot-acc-hdr .ot-always-active,#onetrust-pc-sdk .ot-vs-list .ot-vnd-item .ot-acc-hdr .ot-always-active,#onetrust-pc-sdk .ot-vnd-serv .ot-vnd-item .ot-acc-hdr .ot-always-active,#onetrust-pc-sdk #ot-pc-lst .ot-vs-list .ot-vnd-item .ot-acc-hdr .ot-always-active,#onetrust-pc-sdk .ot-accordion-layout.ot-checkbox-consent .ot-acc-hdr .ot-always-active{position:relative;right:unset;top:unset;transform:unset}#onetrust-pc-sdk .ot-vs-config .ot-acc-hdr .ot-plus-minus,#onetrust-pc-sdk ul.ot-subgrps .ot-acc-hdr .ot-plus-minus,#onetrust-pc-sdk .ot-subgrp-cntr ul.ot-subgrps .ot-acc-hdr .ot-plus-minus,#onetrust-pc-sdk .ot-vs-list .ot-vnd-item .ot-acc-hdr .ot-plus-minus,#onetrust-pc-sdk .ot-vnd-serv .ot-vnd-item .ot-acc-hdr .ot-plus-minus,#onetrust-pc-sdk #ot-pc-lst .ot-vs-list .ot-vnd-item .ot-acc-hdr .ot-plus-minus,#onetrust-pc-sdk .ot-accordion-layout.ot-checkbox-consent .ot-acc-hdr .ot-plus-minus{top:0}#onetrust-pc-sdk .ot-vs-config .ot-acc-hdr .ot-arw-cntr,#onetrust-pc-sdk ul.ot-subgrps .ot-acc-hdr .ot-arw-cntr,#onetrust-pc-sdk .ot-subgrp-cntr ul.ot-subgrps .ot-acc-hdr .ot-arw-cntr,#onetrust-pc-sdk .ot-vs-list .ot-vnd-item .ot-acc-hdr .ot-arw-cntr,#onetrust-pc-sdk .ot-vnd-serv .ot-vnd-item .ot-acc-hdr .ot-arw-cntr,#onetrust-pc-sdk #ot-pc-lst .ot-vs-list .ot-vnd-item .ot-acc-hdr .ot-arw-cntr,#onetrust-pc-sdk .ot-accordion-layout.ot-checkbox-consent .ot-acc-hdr .ot-arw-cntr{float:none;top:unset;right:unset;transform:unset;margin-top:-2px;position:relative}#onetrust-pc-sdk .ot-vs-config .ot-acc-hdr .ot-cat-header,#onetrust-pc-sdk ul.ot-subgrps .ot-acc-hdr .ot-cat-header,#onetrust-pc-sdk .ot-subgrp-cntr ul.ot-subgrps .ot-acc-hdr .ot-cat-header,#onetrust-pc-sdk .ot-vs-list .ot-vnd-item .ot-acc-hdr .ot-cat-header,#onetrust-pc-sdk .ot-vnd-serv .ot-vnd-item .ot-acc-hdr .ot-cat-header,#onetrust-pc-sdk #ot-pc-lst .ot-vs-list .ot-vnd-item .ot-acc-hdr .ot-cat-header,#onetrust-pc-sdk .ot-accordion-layout.ot-checkbox-consent .ot-acc-hdr .ot-cat-header{flex:1;margin:0 .5rem}#onetrust-pc-sdk .ot-vs-config .ot-acc-hdr .ot-tgl,#onetrust-pc-sdk ul.ot-subgrps .ot-acc-hdr .ot-tgl,#onetrust-pc-sdk .ot-subgrp-cntr ul.ot-subgrps .ot-acc-hdr .ot-tgl,#onetrust-pc-sdk .ot-vs-list .ot-vnd-item .ot-acc-hdr .ot-tgl,#onetrust-pc-sdk .ot-vnd-serv .ot-vnd-item .ot-acc-hdr .ot-tgl,#onetrust-pc-sdk #ot-pc-lst .ot-vs-list .ot-vnd-item .ot-acc-hdr .ot-tgl,#onetrust-pc-sdk .ot-accordion-layout.ot-checkbox-consent .ot-acc-hdr .ot-tgl{position:relative;transform:none;right:0;top:0;float:none}#onetrust-pc-sdk .ot-vs-config .ot-acc-hdr .ot-chkbox,#onetrust-pc-sdk ul.ot-subgrps .ot-acc-hdr .ot-chkbox,#onetrust-pc-sdk .ot-subgrp-cntr ul.ot-subgrps .ot-acc-hdr .ot-chkbox,#onetrust-pc-sdk .ot-vs-list .ot-vnd-item .ot-acc-hdr .ot-chkbox,#onetrust-pc-sdk .ot-vnd-serv .ot-vnd-item .ot-acc-hdr .ot-chkbox,#onetrust-pc-sdk #ot-pc-lst .ot-vs-list .ot-vnd-item .ot-acc-hdr .ot-chkbox,#onetrust-pc-sdk .ot-accordion-layout.ot-checkbox-consent .ot-acc-hdr .ot-chkbox{position:relative;margin:0 .5rem}#onetrust-pc-sdk .ot-vs-config .ot-acc-hdr .ot-chkbox label,#onetrust-pc-sdk ul.ot-subgrps .ot-acc-hdr .ot-chkbox label,#onetrust-pc-sdk .ot-subgrp-cntr ul.ot-subgrps .ot-acc-hdr .ot-chkbox label,#onetrust-pc-sdk .ot-vs-list .ot-vnd-item .ot-acc-hdr .ot-chkbox label,#onetrust-pc-sdk .ot-vnd-serv .ot-vnd-item .ot-acc-hdr .ot-chkbox label,#onetrust-pc-sdk #ot-pc-lst .ot-vs-list .ot-vnd-item .ot-acc-hdr .ot-chkbox label,#onetrust-pc-sdk .ot-accordion-layout.ot-checkbox-consent .ot-acc-hdr .ot-chkbox label{padding:0}#onetrust-pc-sdk .ot-vs-config .ot-acc-hdr .ot-chkbox label::before,#onetrust-pc-sdk ul.ot-subgrps .ot-acc-hdr .ot-chkbox label::before,#onetrust-pc-sdk .ot-subgrp-cntr ul.ot-subgrps .ot-acc-hdr .ot-chkbox label::before,#onetrust-pc-sdk .ot-vs-list .ot-vnd-item .ot-acc-hdr .ot-chkbox label::before,#onetrust-pc-sdk .ot-vnd-serv .ot-vnd-item .ot-acc-hdr .ot-chkbox label::before,#onetrust-pc-sdk #ot-pc-lst .ot-vs-list .ot-vnd-item .ot-acc-hdr .ot-chkbox label::before,#onetrust-pc-sdk .ot-accordion-layout.ot-checkbox-consent .ot-acc-hdr .ot-chkbox label::before{position:relative}#onetrust-pc-sdk .ot-vs-config .ot-acc-hdr .ot-chkbox input,#onetrust-pc-sdk ul.ot-subgrps .ot-acc-hdr .ot-chkbox input,#onetrust-pc-sdk .ot-subgrp-cntr ul.ot-subgrps .ot-acc-hdr .ot-chkbox input,#onetrust-pc-sdk .ot-vs-list .ot-vnd-item .ot-acc-hdr .ot-chkbox input,#onetrust-pc-sdk .ot-vnd-serv .ot-vnd-item .ot-acc-hdr .ot-chkbox input,#onetrust-pc-sdk #ot-pc-lst .ot-vs-list .ot-vnd-item .ot-acc-hdr .ot-chkbox input,#onetrust-pc-sdk .ot-accordion-layout.ot-checkbox-consent .ot-acc-hdr .ot-chkbox input{position:absolute;cursor:pointer;width:100%;height:100%;opacity:0;margin:0;top:0;left:0;z-index:1}#onetrust-pc-sdk .ot-subgrp-cntr ul.ot-subgrps li.ot-subgrp .ot-acc-hdr h5.ot-cat-header,#onetrust-pc-sdk .ot-subgrp-cntr ul.ot-subgrps li.ot-subgrp .ot-acc-hdr h4.ot-cat-header{margin:0}#onetrust-pc-sdk .ot-vs-config .ot-subgrp-cntr ul.ot-subgrps li.ot-subgrp h5{top:0;line-height:20px}#onetrust-pc-sdk .ot-vs-list{display:flex;flex-direction:column;padding:0;margin:.5rem 4px}#onetrust-pc-sdk .ot-vs-selc-all{display:flex;padding:0;float:unset;align-items:center;justify-content:flex-start}#onetrust-pc-sdk .ot-vs-selc-all.ot-toggle-conf{justify-content:flex-end}#onetrust-pc-sdk .ot-vs-selc-all.ot-toggle-conf.ot-caret-conf .ot-sel-all-chkbox{margin-right:48px}#onetrust-pc-sdk .ot-vs-selc-all.ot-toggle-conf .ot-sel-all-chkbox{margin:0;padding:0;margin-right:14px;justify-content:flex-end}#onetrust-pc-sdk .ot-vs-selc-all.ot-toggle-conf #ot-selall-vencntr.ot-chkbox,#onetrust-pc-sdk .ot-vs-selc-all.ot-toggle-conf #ot-selall-vencntr.ot-tgl{display:inline-block;right:unset;width:auto;height:auto;float:none}#onetrust-pc-sdk .ot-vs-selc-all.ot-toggle-conf #ot-selall-vencntr label{width:45px;height:25px}#onetrust-pc-sdk .ot-vs-selc-all .ot-sel-all-chkbox{margin-right:11px;margin-left:.75rem;display:flex;align-items:center}#onetrust-pc-sdk .ot-vs-selc-all .sel-all-hdr{margin:0 1.25rem;font-size:.812em;line-height:normal;text-align:center;word-break:break-word;word-wrap:break-word}#onetrust-pc-sdk .ot-vnd-list-cnt #ot-selall-vencntr.ot-chkbox{float:unset;right:0}#onetrust-pc-sdk[dir=rtl] #ot-back-arw,#onetrust-pc-sdk[dir=rtl] input~.ot-acc-hdr .ot-arw{transform:rotate(180deg);-o-transform:rotate(180deg);-ms-transform:rotate(180deg);-webkit-transform:rotate(180deg)}#onetrust-pc-sdk[dir=rtl] input:checked~.ot-acc-hdr .ot-arw{transform:rotate(270deg);-o-transform:rotate(270deg);-ms-transform:rotate(270deg);-webkit-transform:rotate(270deg)}#onetrust-pc-sdk[dir=rtl] .ot-chkbox label::after{transform:rotate(45deg);-webkit-transform:rotate(45deg);-o-transform:rotate(45deg);-ms-transform:rotate(45deg);border-left:0;border-right:3px solid}#onetrust-pc-sdk[dir=rtl] .ot-search-cntr>svg{right:0}@media only screen and (max-width: 600px){#onetrust-pc-sdk.otPcCenter{left:0;min-width:100%;height:100%;top:0;border-radius:0}#onetrust-pc-sdk #ot-pc-content,#onetrust-pc-sdk.ot-ftr-stacked .ot-btn-container{margin:1px 3px 0 10px;padding-right:10px;width:calc(100% - 23px)}#onetrust-pc-sdk .ot-btn-container button{max-width:none;letter-spacing:.01em}#onetrust-pc-sdk #close-pc-btn-handler{top:10px;right:17px}#onetrust-pc-sdk p{font-size:.7em}#onetrust-pc-sdk #ot-pc-hdr{margin:10px 10px 0 5px;width:calc(100% - 15px)}#onetrust-pc-sdk .vendor-search-handler{font-size:1em}#onetrust-pc-sdk #ot-back-arw{margin-left:12px}#onetrust-pc-sdk #ot-lst-cnt{margin:0;padding:0 5px 0 10px;min-width:95%}#onetrust-pc-sdk .switch+p{max-width:80%}#onetrust-pc-sdk .ot-ftr-stacked button{width:100%}#onetrust-pc-sdk #ot-fltr-cnt{max-width:320px;width:90%;border-top-right-radius:0;border-bottom-right-radius:0;margin:0;margin-left:15px;left:auto;right:40px;top:85px}#onetrust-pc-sdk .ot-fltr-opt{margin-left:25px;margin-bottom:10px}#onetrust-pc-sdk .ot-pc-refuse-all-handler{margin-bottom:0}#onetrust-pc-sdk #ot-fltr-cnt{right:40px}}@media only screen and (max-width: 476px){#onetrust-pc-sdk .ot-fltr-cntr,#onetrust-pc-sdk #ot-fltr-cnt{right:10px}#onetrust-pc-sdk #ot-anchor{right:25px}#onetrust-pc-sdk button{width:100%}#onetrust-pc-sdk:not(.ot-addtl-vendors) #ot-pc-lst:not(.ot-enbl-chr) .ot-sel-all{padding-right:9px}#onetrust-pc-sdk:not(.ot-addtl-vendors) #ot-pc-lst:not(.ot-enbl-chr) .ot-tgl-cntr{right:0}}@media only screen and (max-width: 896px)and (max-height: 425px)and (orientation: landscape){#onetrust-pc-sdk.otPcCenter{left:0;top:0;min-width:100%;height:100%;border-radius:0}#onetrust-pc-sdk .ot-pc-header{height:auto;min-height:20px}#onetrust-pc-sdk .ot-pc-header .ot-pc-logo{max-height:30px}#onetrust-pc-sdk .ot-pc-footer{max-height:60px;overflow-y:auto}#onetrust-pc-sdk #ot-pc-content,#onetrust-pc-sdk #ot-pc-lst{bottom:70px}#onetrust-pc-sdk.ot-ftr-stacked #ot-pc-content{bottom:70px}#onetrust-pc-sdk #ot-anchor{left:initial;right:50px}#onetrust-pc-sdk #ot-lst-title{margin-top:12px}#onetrust-pc-sdk #ot-lst-title *{font-size:inherit}#onetrust-pc-sdk #ot-pc-hdr input{margin-right:0;padding-right:45px}#onetrust-pc-sdk .switch+p{max-width:85%}#onetrust-pc-sdk #ot-sel-blk{position:static}#onetrust-pc-sdk #ot-pc-lst{overflow:auto}#onetrust-pc-sdk #ot-lst-cnt{max-height:none;overflow:initial}#onetrust-pc-sdk #ot-lst-cnt.no-results{height:auto}#onetrust-pc-sdk input{font-size:1em !important}#onetrust-pc-sdk p{font-size:.6em}#onetrust-pc-sdk #ot-fltr-modal{width:100%;top:0}#onetrust-pc-sdk ul li p,#onetrust-pc-sdk .category-vendors-list-handler,#onetrust-pc-sdk .category-vendors-list-handler+a,#onetrust-pc-sdk .category-host-list-handler{font-size:.6em}#onetrust-pc-sdk.ot-shw-fltr #ot-anchor{display:none !important}#onetrust-pc-sdk.ot-shw-fltr #ot-pc-lst{height:100% !important;overflow:hidden;top:0px}#onetrust-pc-sdk.ot-shw-fltr #ot-fltr-cnt{margin:0;height:100%;max-height:none;padding:10px;top:0;width:calc(100% - 20px);position:absolute;right:0;left:0;max-width:none}#onetrust-pc-sdk.ot-shw-fltr .ot-fltr-scrlcnt{max-height:calc(100% - 65px)}}
            #onetrust-consent-sdk #onetrust-pc-sdk,
                #onetrust-consent-sdk #ot-search-cntr,
                #onetrust-consent-sdk #onetrust-pc-sdk .ot-switch.ot-toggle,
                #onetrust-consent-sdk #onetrust-pc-sdk ot-grp-hdr1 .checkbox,
                #onetrust-consent-sdk #onetrust-pc-sdk #ot-pc-title:after
                ,#onetrust-consent-sdk #onetrust-pc-sdk #ot-sel-blk,
                        #onetrust-consent-sdk #onetrust-pc-sdk #ot-fltr-cnt,
                        #onetrust-consent-sdk #onetrust-pc-sdk #ot-anchor {
                    background-color: #FFFFFF;
                }
               
            #onetrust-consent-sdk #onetrust-pc-sdk h3,
                #onetrust-consent-sdk #onetrust-pc-sdk h4,
                #onetrust-consent-sdk #onetrust-pc-sdk h5,
                #onetrust-consent-sdk #onetrust-pc-sdk h6,
                #onetrust-consent-sdk #onetrust-pc-sdk p,
                #onetrust-consent-sdk #onetrust-pc-sdk #ot-ven-lst .ot-ven-opts p,
                #onetrust-consent-sdk #onetrust-pc-sdk #ot-pc-desc,
                #onetrust-consent-sdk #onetrust-pc-sdk #ot-pc-title,
                #onetrust-consent-sdk #onetrust-pc-sdk .ot-li-title,
                #onetrust-consent-sdk #onetrust-pc-sdk .ot-sel-all-hdr span,
                #onetrust-consent-sdk #onetrust-pc-sdk #ot-host-lst .ot-host-info,
                #onetrust-consent-sdk #onetrust-pc-sdk #ot-fltr-modal #modal-header,
                #onetrust-consent-sdk #onetrust-pc-sdk .ot-checkbox label span,
                #onetrust-consent-sdk #onetrust-pc-sdk #ot-pc-lst #ot-sel-blk p,
                #onetrust-consent-sdk #onetrust-pc-sdk #ot-pc-lst #ot-lst-title h3,
                #onetrust-consent-sdk #onetrust-pc-sdk #ot-pc-lst .back-btn-handler p,
                #onetrust-consent-sdk #onetrust-pc-sdk #ot-pc-lst .ot-ven-name,
                #onetrust-consent-sdk #onetrust-pc-sdk #ot-pc-lst #ot-ven-lst .consent-category,
                #onetrust-consent-sdk #onetrust-pc-sdk .ot-leg-btn-container .ot-inactive-leg-btn,
                #onetrust-consent-sdk #onetrust-pc-sdk .ot-label-status,
                #onetrust-consent-sdk #onetrust-pc-sdk .ot-chkbox label span,
                #onetrust-consent-sdk #onetrust-pc-sdk #clear-filters-handler,
                #onetrust-consent-sdk #onetrust-pc-sdk .ot-optout-signal
                {
                    color: #101010;
                }
             #onetrust-consent-sdk #onetrust-pc-sdk .privacy-notice-link,
                    #onetrust-consent-sdk #onetrust-pc-sdk .ot-pgph-link,
                    #onetrust-consent-sdk #onetrust-pc-sdk .category-vendors-list-handler,
                    #onetrust-consent-sdk #onetrust-pc-sdk .category-vendors-list-handler + a,
                    #onetrust-consent-sdk #onetrust-pc-sdk .category-host-list-handler,
                    #onetrust-consent-sdk #onetrust-pc-sdk .ot-ven-link,
                    #onetrust-consent-sdk #onetrust-pc-sdk .ot-ven-legclaim-link,
                    #onetrust-consent-sdk #onetrust-pc-sdk #ot-host-lst .ot-host-name a,
                    #onetrust-consent-sdk #onetrust-pc-sdk #ot-host-lst .ot-acc-hdr .ot-host-expand,
                    #onetrust-consent-sdk #onetrust-pc-sdk #ot-host-lst .ot-host-info a,
                    #onetrust-consent-sdk #onetrust-pc-sdk #ot-pc-content #ot-pc-desc .ot-link-btn,
                    #onetrust-consent-sdk #onetrust-pc-sdk .ot-vnd-serv .ot-vnd-item .ot-vnd-info a,
                    #onetrust-consent-sdk #onetrust-pc-sdk #ot-lst-cnt .ot-vnd-info a
                    {
                        color: #101010;
                    }
            #onetrust-consent-sdk #onetrust-pc-sdk .category-vendors-list-handler:hover { text-decoration: underline;}
            #onetrust-consent-sdk #onetrust-pc-sdk .ot-acc-grpcntr.ot-acc-txt,
            #onetrust-consent-sdk #onetrust-pc-sdk .ot-acc-txt .ot-subgrp-tgl .ot-switch.ot-toggle
             {
                background-color: #EFEFEF;
            }
             #onetrust-consent-sdk #onetrust-pc-sdk #ot-host-lst .ot-host-info,
                    #onetrust-consent-sdk #onetrust-pc-sdk .ot-acc-txt .ot-ven-dets
                            {
                                background-color: #EFEFEF;
                            }
        #onetrust-consent-sdk #onetrust-pc-sdk
            button:not(#clear-filters-handler):not(.ot-close-icon):not(#filter-btn-handler):not(.ot-remove-objection-handler):not(.ot-obj-leg-btn-handler):not([aria-expanded]):not(.ot-link-btn),
            #onetrust-consent-sdk #onetrust-pc-sdk .ot-leg-btn-container .ot-active-leg-btn {
                background-color: #101010;border-color: #101010;
                color: #FFFFFF;
            }
            #onetrust-consent-sdk #onetrust-pc-sdk .ot-active-menu {
                border-color: #101010;
            }
            
            #onetrust-consent-sdk #onetrust-pc-sdk .ot-leg-btn-container .ot-remove-objection-handler{
                background-color: transparent;
                border: 1px solid transparent;
            }
            #onetrust-consent-sdk #onetrust-pc-sdk .ot-leg-btn-container .ot-inactive-leg-btn {
                background-color: #FFFFFF;
                color: #78808E; border-color: #78808E;
            }
            #onetrust-consent-sdk #onetrust-pc-sdk .ot-tgl input:focus + .ot-switch, .ot-switch .ot-switch-nob, .ot-switch .ot-switch-nob:before,
            #onetrust-pc-sdk .ot-checkbox input[type="checkbox"]:focus + label::before,
            #onetrust-pc-sdk .ot-chkbox input[type="checkbox"]:focus + label::before {
                outline-color: #101010;
                outline-width: 1px;
            }
            #onetrust-pc-sdk .ot-host-item > button:focus, #onetrust-pc-sdk .ot-ven-item > button:focus {
                border: 1px solid #101010;
            }
            #onetrust-consent-sdk #onetrust-pc-sdk *:focus,
            #onetrust-consent-sdk #onetrust-pc-sdk .ot-vlst-cntr > a:focus {
               outline: 1px solid #101010;
            }#onetrust-pc-sdk .ot-vlst-cntr .ot-ext-lnk,  #onetrust-pc-sdk .ot-ven-hdr .ot-ext-lnk{
                    background-image: url('https://cdn.cookielaw.org/logos/static/ot_external_link.svg');
                }
            
#onetrust-pc-sdk .ot-pc-logo {
  display: none;
}

#onetrust-pc-sdk .ot-pc-footer-logo {
  display: none;
}

#onetrust-pc-sdk .ot-vs-list .ot-always-active, #onetrust-pc-sdk .ot-cat-grp .ot-always-active {
    color: #656565;
}

#onetrust-pc-sdk #ot-category-title {
   font-size: 1.5em;
}

#onetrust-pc-sdk #ot-pc-title {
    font-size: 1.8em;
}

#onetrust-pc-sdk .ot-pc-header {
    height: 0px;
    padding: 0;
    display: none;
}

#onetrust-pc-sdk .save-preference-btn-handler{
    border-radius: 0.25rem !important;
}

#onetrust-pc-btn-handler, #onetrust-reject-all-handler, #onetrust-accept-btn-handler {
    border-radius: 0.25rem !important;
}

#onetrust-pc-sdk #accept-recommended-btn-handler {
    border-radius: 0.25em;
    font-size: 12px;
}

#onetrust-pc-sdk #ot-pc-desc a {
    margin-left: 0px;
}

#onetrust-banner-sdk #onetrust-policy-text a {
    margin-left: 0px;
}

#onetrust-pc-sdk #ot-pc-desc {
    margin-bottom: 10px;
}

#onetrust-pc-sdk #ot-pc-content {
    top: 2px;
}

#onetrust-pc-sdk #ot-pc-title {
    margin-bottom: 10px;
    margin-top: 8px;
}

#onetrust-pc-sdk .ot-cat-header {
    order: 2;
}

#onetrust-pc-sdk .ot-always-active {
    order: 3;
    padding-right: 20px;
}

#onetrust-pc-sdk .ot-tgl {
    order: 3;
    padding-right: 20px;
}

#onetrust-banner-sdk #onetrust-accept-btn-handler, #onetrust-banner-sdk #onetrust-reject-all-handler, #onetrust-banner-sdk #onetrust-pc-btn-handler {
    min-width: 165px;
}

html body #onetrust-consent-sdk #onetrust-pc-sdk .ot-tgl .ot-switch-nob {
    border: 0 rgba(0,0,0,0)
}

html body #onetrust-consent-sdk #onetrust-pc-sdk .ot-tgl .ot-switch-nob::before {
    background: rgba(0,0,0,0);
    position: static;
    border-radius: 0
}

html body #onetrust-consent-sdk #onetrust-pc-sdk .ot-tgl input {
    height: 3rem;
    width: 3rem;
    position: absolute;
    left: 0;
    top: -50%;
    display: inline-block;
    border: 0;
    opacity: 0;
    padding: 0;
    z-index: 1;
    cursor: pointer
}

html body #onetrust-consent-sdk #onetrust-pc-sdk .ot-tgl .ot-switch {
    display: flex;
    align-items: center;
    cursor: pointer;
    width: 3rem
}

html body #onetrust-consent-sdk #onetrust-pc-sdk .ot-tgl .ot-switch::before {
    content: "";
    position: relative;
    display: block;
    width: 100%;
    background: rgb(146, 146, 146);
    transition: background 200ms linear;
    height: 1.5rem;
    border-radius: 15px
}

html body #onetrust-consent-sdk #onetrust-pc-sdk .ot-tgl .ot-switch-nob {
    position: absolute;
    top: 50%;
    transform: translateY(-50%);
    left: 0;
    display: flex;
    justify-content: center;
    align-items: center;
    margin: 0 .1rem;
    background: rgb(255, 255, 255) !important;
    border-radius: 15px;
    border: 0 solid #fff;
    transition: transform .2s cubic-bezier(0.4, 0, 0.4, 1);
    width: 1.25rem;
    height: 1.25rem
}

html body #onetrust-consent-sdk #onetrust-pc-sdk .ot-tgl .ot-switch-nob::before {
    content: "";
    transform: rotate(45deg);
    box-sizing: content-box;
    display: block;
    opacity: 0;
    transition: all .1s linear;
    border: .15rem solid rgb(24,130,2);
    border-left: 0;
    border-top: 0;
    height: .5rem;
    width: .25rem;
    margin-top: -0.125rem
}

html body #onetrust-consent-sdk #onetrust-pc-sdk .ot-tgl :checked+.ot-switch::before {
    background-color: rgb(24,130,2)
}

html body #onetrust-consent-sdk #onetrust-pc-sdk .ot-tgl :checked+.ot-switch .ot-switch-nob {
    transform: translate(120%, -50%)
}

html body #onetrust-consent-sdk #onetrust-pc-sdk .ot-tgl :checked+.ot-switch .ot-switch-nob::before {
    opacity: 1
}

#onetrust-pc-sdk .ot-btn-container {
    margin: 0 0.75em !important;
}

#onetrust-pc-sdk .ot-vs-config .ot-acc-hdr .ot-cat-header, #onetrust-pc-sdk ul.ot-subgrps .ot-acc-hdr .ot-cat-header, #onetrust-pc-sdk .ot-subgrp-cntr ul.ot-subgrps .ot-acc-hdr .ot-cat-header, #onetrust-pc-sdk .ot-vs-list .ot-vnd-item .ot-acc-hdr .ot-cat-header, #onetrust-pc-sdk .ot-vnd-serv .ot-vnd-item .ot-acc-hdr .ot-cat-header, #onetrust-pc-sdk #ot-pc-lst .ot-vs-list .ot-vnd-item .ot-acc-hdr .ot-cat-header, #onetrust-pc-sdk .ot-accordion-layout.ot-checkbox-consent .ot-acc-hdr .ot-cat-header {
    margin-top: 5px;
}

html body #onetrust-consent-sdk #onetrust-pc-sdk .ot-tgl :not(:checked)+.ot-switch .ot-switch-nob::after {
    content: "";
    border: 0.15rem solid rgb(146,146,146);
    height: .7rem;
    width: 0rem;
    display: block;
    border-left: 0;
    border-top: 0;
    transform: rotate(90deg);
    margin-top: 0.05rem;
    margin-right:0.4rem;
    box-sizing: content-box;
}

#onetrust-banner-sdk #onetrust-policy-title {
    font-size: 1.25em;
}

#onetrust-pc-sdk .ot-sdk-row {
    padding-bottom: 10px;
}

@media only screen and (max-width: 425px) {
#onetrust-banner-sdk #onetrust-policy {
    margin-left: 0;
    margin-top: 1em;
}
}.ot-sdk-cookie-policy{font-family:inherit;font-size:16px}.ot-sdk-cookie-policy.otRelFont{font-size:1rem}.ot-sdk-cookie-policy h3,.ot-sdk-cookie-policy h4,.ot-sdk-cookie-policy h6,.ot-sdk-cookie-policy p,.ot-sdk-cookie-policy li,.ot-sdk-cookie-policy a,.ot-sdk-cookie-policy th,.ot-sdk-cookie-policy #cookie-policy-description,.ot-sdk-cookie-policy .ot-sdk-cookie-policy-group,.ot-sdk-cookie-policy #cookie-policy-title{color:dimgray}.ot-sdk-cookie-policy #cookie-policy-description{margin-bottom:1em}.ot-sdk-cookie-policy h4{font-size:1.2em}.ot-sdk-cookie-policy h6{font-size:1em;margin-top:2em}.ot-sdk-cookie-policy th{min-width:75px}.ot-sdk-cookie-policy a,.ot-sdk-cookie-policy a:hover{background:#fff}.ot-sdk-cookie-policy thead{background-color:#f6f6f4;font-weight:bold}.ot-sdk-cookie-policy .ot-mobile-border{display:none}.ot-sdk-cookie-policy section{margin-bottom:2em}.ot-sdk-cookie-policy table{border-collapse:inherit}#ot-sdk-cookie-policy-v2.ot-sdk-cookie-policy{font-family:inherit;font-size:1rem}#ot-sdk-cookie-policy-v2.ot-sdk-cookie-policy h3,#ot-sdk-cookie-policy-v2.ot-sdk-cookie-policy h4,#ot-sdk-cookie-policy-v2.ot-sdk-cookie-policy h6,#ot-sdk-cookie-policy-v2.ot-sdk-cookie-policy p,#ot-sdk-cookie-policy-v2.ot-sdk-cookie-policy li,#ot-sdk-cookie-policy-v2.ot-sdk-cookie-policy a,#ot-sdk-cookie-policy-v2.ot-sdk-cookie-policy th,#ot-sdk-cookie-policy-v2.ot-sdk-cookie-policy #cookie-policy-description,#ot-sdk-cookie-policy-v2.ot-sdk-cookie-policy .ot-sdk-cookie-policy-group,#ot-sdk-cookie-policy-v2.ot-sdk-cookie-policy #cookie-policy-title{color:dimgray}#ot-sdk-cookie-policy-v2.ot-sdk-cookie-policy #cookie-policy-description{margin-bottom:1em}#ot-sdk-cookie-policy-v2.ot-sdk-cookie-policy .ot-sdk-subgroup{margin-left:1.5em}#ot-sdk-cookie-policy-v2.ot-sdk-cookie-policy #cookie-policy-description,#ot-sdk-cookie-policy-v2.ot-sdk-cookie-policy .ot-sdk-cookie-policy-group-desc,#ot-sdk-cookie-policy-v2.ot-sdk-cookie-policy .ot-table-header,#ot-sdk-cookie-policy-v2.ot-sdk-cookie-policy a,#ot-sdk-cookie-policy-v2.ot-sdk-cookie-policy span,#ot-sdk-cookie-policy-v2.ot-sdk-cookie-policy td{font-size:.9em}#ot-sdk-cookie-policy-v2.ot-sdk-cookie-policy td span,#ot-sdk-cookie-policy-v2.ot-sdk-cookie-policy td a{font-size:inherit}#ot-sdk-cookie-policy-v2.ot-sdk-cookie-policy .ot-sdk-cookie-policy-group{font-size:1em;margin-bottom:.6em}#ot-sdk-cookie-policy-v2.ot-sdk-cookie-policy .ot-sdk-cookie-policy-title{margin-bottom:1.2em}#ot-sdk-cookie-policy-v2.ot-sdk-cookie-policy>section{margin-bottom:1em}#ot-sdk-cookie-policy-v2.ot-sdk-cookie-policy th{min-width:75px}#ot-sdk-cookie-policy-v2.ot-sdk-cookie-policy a,#ot-sdk-cookie-policy-v2.ot-sdk-cookie-policy a:hover{background:#fff}#ot-sdk-cookie-policy-v2.ot-sdk-cookie-policy thead{background-color:#f6f6f4;font-weight:bold}#ot-sdk-cookie-policy-v2.ot-sdk-cookie-policy .ot-mobile-border{display:none}#ot-sdk-cookie-policy-v2.ot-sdk-cookie-policy section{margin-bottom:2em}#ot-sdk-cookie-policy-v2.ot-sdk-cookie-policy .ot-sdk-subgroup ul li{list-style:disc;margin-left:1.5em}#ot-sdk-cookie-policy-v2.ot-sdk-cookie-policy .ot-sdk-subgroup ul li h4{display:inline-block}#ot-sdk-cookie-policy-v2.ot-sdk-cookie-policy table{border-collapse:inherit;margin:auto;border:1px solid #d7d7d7;border-radius:5px;border-spacing:initial;width:100%;overflow:hidden}#ot-sdk-cookie-policy-v2.ot-sdk-cookie-policy table th,#ot-sdk-cookie-policy-v2.ot-sdk-cookie-policy table td{border-bottom:1px solid #d7d7d7;border-right:1px solid #d7d7d7}#ot-sdk-cookie-policy-v2.ot-sdk-cookie-policy table tr:last-child td{border-bottom:0px}#ot-sdk-cookie-policy-v2.ot-sdk-cookie-policy table tr th:last-child,#ot-sdk-cookie-policy-v2.ot-sdk-cookie-policy table tr td:last-child{border-right:0px}#ot-sdk-cookie-policy-v2.ot-sdk-cookie-policy table .ot-host,#ot-sdk-cookie-policy-v2.ot-sdk-cookie-policy table .ot-cookies-type{width:25%}.ot-sdk-cookie-policy[dir=rtl]{text-align:left}#ot-sdk-cookie-policy h3{font-size:1.5em}@media only screen and (max-width: 530px){.ot-sdk-cookie-policy:not(#ot-sdk-cookie-policy-v2) table,.ot-sdk-cookie-policy:not(#ot-sdk-cookie-policy-v2) thead,.ot-sdk-cookie-policy:not(#ot-sdk-cookie-policy-v2) tbody,.ot-sdk-cookie-policy:not(#ot-sdk-cookie-policy-v2) th,.ot-sdk-cookie-policy:not(#ot-sdk-cookie-policy-v2) td,.ot-sdk-cookie-policy:not(#ot-sdk-cookie-policy-v2) tr{display:block}.ot-sdk-cookie-policy:not(#ot-sdk-cookie-policy-v2) thead tr{position:absolute;top:-9999px;left:-9999px}.ot-sdk-cookie-policy:not(#ot-sdk-cookie-policy-v2) tr{margin:0 0 1em 0}.ot-sdk-cookie-policy:not(#ot-sdk-cookie-policy-v2) tr:nth-child(odd),.ot-sdk-cookie-policy:not(#ot-sdk-cookie-policy-v2) tr:nth-child(odd) a{background:#f6f6f4}.ot-sdk-cookie-policy:not(#ot-sdk-cookie-policy-v2) td{border:none;border-bottom:1px solid #eee;position:relative;padding-left:50%}.ot-sdk-cookie-policy:not(#ot-sdk-cookie-policy-v2) td:before{position:absolute;height:100%;left:6px;width:40%;padding-right:10px}.ot-sdk-cookie-policy:not(#ot-sdk-cookie-policy-v2) .ot-mobile-border{display:inline-block;background-color:#e4e4e4;position:absolute;height:100%;top:0;left:45%;width:2px}.ot-sdk-cookie-policy:not(#ot-sdk-cookie-policy-v2) td:before{content:attr(data-label);font-weight:bold}.ot-sdk-cookie-policy:not(#ot-sdk-cookie-policy-v2) li{word-break:break-word;word-wrap:break-word}#ot-sdk-cookie-policy-v2.ot-sdk-cookie-policy table{overflow:hidden}#ot-sdk-cookie-policy-v2.ot-sdk-cookie-policy table td{border:none;border-bottom:1px solid #d7d7d7}#ot-sdk-cookie-policy-v2.ot-sdk-cookie-policy table,#ot-sdk-cookie-policy-v2.ot-sdk-cookie-policy thead,#ot-sdk-cookie-policy-v2.ot-sdk-cookie-policy tbody,#ot-sdk-cookie-policy-v2.ot-sdk-cookie-policy th,#ot-sdk-cookie-policy-v2.ot-sdk-cookie-policy td,#ot-sdk-cookie-policy-v2.ot-sdk-cookie-policy tr{display:block}#ot-sdk-cookie-policy-v2.ot-sdk-cookie-policy table .ot-host,#ot-sdk-cookie-policy-v2.ot-sdk-cookie-policy table .ot-cookies-type{width:auto}#ot-sdk-cookie-policy-v2.ot-sdk-cookie-policy tr{margin:0 0 1em 0}#ot-sdk-cookie-policy-v2.ot-sdk-cookie-policy td:before{height:100%;width:40%;padding-right:10px}#ot-sdk-cookie-policy-v2.ot-sdk-cookie-policy td:before{content:attr(data-label);font-weight:bold}#ot-sdk-cookie-policy-v2.ot-sdk-cookie-policy li{word-break:break-word;word-wrap:break-word}#ot-sdk-cookie-policy-v2.ot-sdk-cookie-policy thead tr{position:absolute;top:-9999px;left:-9999px;z-index:-9999}#ot-sdk-cookie-policy-v2.ot-sdk-cookie-policy table tr:last-child td{border-bottom:1px solid #d7d7d7;border-right:0px}#ot-sdk-cookie-policy-v2.ot-sdk-cookie-policy table tr:last-child td:last-child{border-bottom:0px}}
                
                    #ot-sdk-cookie-policy-v2.ot-sdk-cookie-policy h5,
                    #ot-sdk-cookie-policy-v2.ot-sdk-cookie-policy h6,
                    #ot-sdk-cookie-policy-v2.ot-sdk-cookie-policy li,
                    #ot-sdk-cookie-policy-v2.ot-sdk-cookie-policy p,
                    #ot-sdk-cookie-policy-v2.ot-sdk-cookie-policy a,
                    #ot-sdk-cookie-policy-v2.ot-sdk-cookie-policy span,
                    #ot-sdk-cookie-policy-v2.ot-sdk-cookie-policy td,
                    #ot-sdk-cookie-policy-v2.ot-sdk-cookie-policy #cookie-policy-description {
                        color: #696969;
                    }
                    #ot-sdk-cookie-policy-v2.ot-sdk-cookie-policy th {
                        color: #696969;
                    }
                    #ot-sdk-cookie-policy-v2.ot-sdk-cookie-policy .ot-sdk-cookie-policy-group {
                        color: #696969;
                    }
                    
                    #ot-sdk-cookie-policy-v2.ot-sdk-cookie-policy #cookie-policy-title {
                            color: #696969;
                        }
                    
            
                    #ot-sdk-cookie-policy-v2.ot-sdk-cookie-policy table th {
                            background-color: #F8F8F8;
                        }
                    
            .ot-floating-button__front{background-image:url('https://cdn.cookielaw.org/logos/static/ot_persistent_cookie_icon.png')}
        @keyframes slide-down-custom {
            0% {
                bottom: 888px !important;
            }
            100% {
                bottom: 0px;
            }
        }
        @-webkit-keyframes slide-down-custom {
            0% {
                bottom: 888px !important;
            }
            100% {
                bottom: 0px;
            }
        }
        @-moz-keyframes slide-down-custom {
            0% {
                bottom: 888px !important;
            }
            100% {
                bottom: 0px;
            }
        }
        </style><link rel="stylesheet" type="text/css" href="https://assets.loblaws.ca/pcx_bronx_fe_prod/builds/production/3.53.6/8bd42f38/nofrills/commonCart-26c58546_app.bundle.css"><link rel="stylesheet" type="text/css" href="https://assets.loblaws.ca/pcx_bronx_fe_prod/builds/production/3.53.6/8bd42f38/nofrills/commonCart-d5eaef54_app.bundle.css"><link rel="stylesheet" type="text/css" href="https://assets.loblaws.ca/pcx_bronx_fe_prod/builds/production/3.53.6/8bd42f38/nofrills/commonCart-dee3f71c_app.bundle.css"><link rel="stylesheet" type="text/css" href="https://assets.loblaws.ca/pcx_bronx_fe_prod/builds/production/3.53.6/8bd42f38/nofrills/site-layout-7413f8ad_app.bundle.css"><link rel="stylesheet" type="text/css" href="https://assets.loblaws.ca/pcx_bronx_fe_prod/builds/production/3.53.6/8bd42f38/nofrills/1988_app.bundle.css"><style data-jss="" data-meta="MuiSvgIcon">
.MuiSvgIcon-root {
  fill: currentColor;
  width: 1em;
  height: 1em;
  display: inline-block;
  font-size: 1.5rem;
  transition: fill 200ms cubic-bezier(0.4, 0, 0.2, 1) 0ms;
  flex-shrink: 0;
  user-select: none;
}
.MuiSvgIcon-colorPrimary {
  color: #3f51b5;
}
.MuiSvgIcon-colorSecondary {
  color: #f50057;
}
.MuiSvgIcon-colorAction {
  color: rgba(0, 0, 0, 0.54);
}
.MuiSvgIcon-colorError {
  color: #f44336;
}
.MuiSvgIcon-colorDisabled {
  color: rgba(0, 0, 0, 0.26);
}
.MuiSvgIcon-fontSizeInherit {
  font-size: inherit;
}
.MuiSvgIcon-fontSizeSmall {
  font-size: 1.25rem;
}
.MuiSvgIcon-fontSizeLarge {
  font-size: 2.1875rem;
}
</style><link rel="stylesheet" type="text/css" href="https://assets.loblaws.ca/pcx_bronx_fe_prod/builds/production/3.53.6/8bd42f38/nofrills/helios-homepage-container_app.bundle.css"><link rel="stylesheet" type="text/css" href="https://assets-platform.loblaws.ca/ldp-core-web-prod/production/ldp/view-resolver-pcx/2.4.0/dist/static/css/5048.chunk.css"><style type="text/css">.indiana-scroll-container {
  overflow: auto; }
  .indiana-scroll-container--dragging {
    scroll-behavior: auto !important; }
    .indiana-scroll-container--dragging > * {
      pointer-events: none;
      cursor: -webkit-grab;
      cursor: grab; }
  .indiana-scroll-container--hide-scrollbars {
    overflow: hidden;
    overflow: -moz-scrollbars-none;
    -ms-overflow-style: none;
    scrollbar-width: none; }
    .indiana-scroll-container--hide-scrollbars::-webkit-scrollbar {
      display: none !important;
      height: 0 !important;
      width: 0 !important;
      background: transparent !important;
      -webkit-appearance: none !important; }
  .indiana-scroll-container--native-scroll {
    overflow: auto; }

.indiana-dragging {
  cursor: -webkit-grab;
  cursor: grab; }
</style><style data-emotion="css-global" data-s=""></style><style data-emotion="css-global" data-s=""></style><style data-emotion="css-global" data-s=""></style><style data-emotion="css-global" data-s=""></style><style data-emotion="css-global" data-s=""></style><style data-emotion="css-global" data-s=""></style><style data-emotion="css-global" data-s=""></style><style data-emotion="css-global" data-s=""></style><style data-emotion="css-global" data-s=""></style><style data-emotion="css-global" data-s=""></style><style data-emotion="css" data-s=""></style><link rel="canonical" href="https://www.nofrills.ca/" data-react-helmet="true"><meta name="description" content="Do your shopping online and schedule a grocery pickup. View weekly flyers and deals, and discover what’s new. " data-react-helmet="true"><meta name="robots" content="index, follow" data-react-helmet="true"><link rel="stylesheet" type="text/css" href="https://assets-platform.loblaws.ca/ldp-core-web-prod/production/ldp/view-resolver-pcx/2.4.0/dist/static/css/951.chunk.css"><meta http-equiv="origin-trial" content="A4oIpR6f5aUXFRMbL6t6qaMk4lrHWxcV3DcrzORsA9sEsIk1FBRMFzzhfMNLuUpokZH40FV8s7iiXtt/729v8A4AAACFeyJvcmlnaW4iOiJodHRwczovL3d3dy5nb29nbGV0YWdtYW5hZ2VyLmNvbTo0NDMiLCJmZWF0dXJlIjoiQXR0cmlidXRpb25SZXBvcnRpbmdDcm9zc0FwcFdlYiIsImV4cGlyeSI6MTcxNDUyMTU5OSwiaXNUaGlyZFBhcnR5Ijp0cnVlfQ=="><script attributionsrc="" type="text/javascript" async="" src="https://www.googleadservices.com/pagead/conversion/10899923854/?random=1720687757091&amp;cv=11&amp;fst=1720687757091&amp;bg=ffffff&amp;guid=ON&amp;async=1&amp;gtm=45be4790v897840925z8811053470za201zb811053470&amp;gcd=13l3l3l3l1&amp;dma=0&amp;tag_exp=0&amp;u_w=1920&amp;u_h=1080&amp;url=https%3A%2F%2Fwww.nofrills.ca%2F&amp;label=cIuBCL6D8ZAYEI7Hvs0o&amp;hn=www.googleadservices.com&amp;frm=0&amp;tiba=Online%20Grocery%20Shopping%20%3A%20Pickup%20%26%20Delivery&amp;value=0&amp;ga_uid=G-B9WFKJZHQ5.anonymous&amp;bttype=purchase&amp;npa=0&amp;pscdl=noapi&amp;auid=1567158665.1720687756&amp;uaa=arm&amp;uab=64&amp;uafvl=Not%252FA)Brand%3B8.0.0.0%7CChromium%3B126.0.6478.127%7CGoogle%2520Chrome%3B126.0.6478.127&amp;uamb=0&amp;uam=&amp;uap=macOS&amp;uapv=14.5.0&amp;uaw=0&amp;fledge=1&amp;capi=1&amp;rfmt=3&amp;fmt=4"></script><style type="text/css" id="kampyleStyle">.noOutline{outline: none !important;}.wcagOutline:focus{outline: 1px dashed #595959 !important;outline-offset: 2px !important;transition: none !important;}</style></head><iframe style="width: 0px; height: 0px; display: none;"></iframe>
    <body data-engine-version="0.5.37" class="chakra-ui-light">
        <div id="root"><script>!function(){var d=document.documentElement,n='data-iceberg-theme',s='setAttribute';d[s](n,'nofrills')}()</script><div id="site-layout" class="site-layout site-layout--desktop site-layout--nofrills" data-customer-is-anonymous="true" tabindex="-1"><div class="site-layout__header" data-auid="header"><div class="accessibility-links"><a href="#site-content" class="skip-to sr-only sr-only-focusable " data-is-external-link="true">Skip to Main Content</a><a href="#site-footer" class="skip-to sr-only sr-only-focusable " data-is-external-link="true">Skip to Footer</a></div><div class="h-12 flex flex-row text-sm items-center space-x-5 bg-iceberg-masthead-top-bar-background px-3 py-2 gap-4 text-iceberg-masthead-top-bar-foreground border-y border-y-iceberg-masthead-top-bar-border iceberg-site-banner pr-0" data-testid="iceberg-masthead-topbar"><div class="flex-1" data-testid="iceberg-masthead-left"><div class="flex flex-row items-center space-x-2" role="alert"><div class="font-noir font-normal text-xs text-iceberg-masthead-top-bar-foreground" data-testid="iceberg-top-bar-message"><div class="mode-transition__transition"><span class="mode-transition__transition__text">New to online grocery shopping? <button class="mode-transition__transition__button"> Learn more about our transparent fee structure.</button></span></div></div></div></div><div class="shrink-0" data-testid="iceberg-masthead-right"><div class="w-full flex flex-row items-center"><span class="iceberg-site-banner__list__item iceberg-site-banner__list__item--pc-optimum"><a class="iceberg-site-banner__list__item__link iceberg-site-banner__list__item__link--anchor iceberg-site-banner__list__item__link--exp-BX-2651-change-location-font-color" data-auid="pc-optimum-offers-link" href="/loyalty?navid=superheader"><span class="iceberg-site-banner__list__item__link__text"><span>PC Optimum</span></span></a></span><span class="iceberg-site-banner__list__item iceberg-site-banner__list__item--faq"><a href="https://loblaw.force.com/nofrills?navid=superheader" aria-describedby="describe-link-opens-new-tab" target="_blank" rel="noopener noreferrer" class="iceberg-site-banner__list__item__link iceberg-site-banner__list__item__link--anchor iceberg-site-banner__list__item__link--exp-BX-2651-change-location-font-color" title="FAQ" data-auid="faq-link" data-is-external-link="true"><span class="iceberg-site-banner__list__item__link__text">FAQ</span></a></span><span class="iceberg-site-banner__list__item"></span></div></div></div><div class="site-header-wrapper"><div class="site-header-wrapper__header"><header class="site-header site-header--desktop site-header--exp-BX-2651-unhide-logo" data-cruller="site-header"><div class="desktop-site-header desktop-site-header--exp-BX-2651-shift-logo-far-left desktop-site-header--exp-BX-2651-reduce-flex-booking-selector"><div class="desktop-site-header__logo"><a class="logo logo--banner" href="/"><img class="logo__image logo__image--nofrills logo__image--banner" alt="No Frills Online homepage" src="https://dis-prod.assetful.loblaw.ca/content/dam/loblaw-companies-limited/creative-assets/logos/pcx-banner-logos-/nofrills_v2.svg"></a></div><div class="desktop-site-header__search-form"><div class="flex items-center h-[50px]" data-testid="search-form"><div class="inline-flex flex-col relative w-full text-black mt-0" data-testid="autocomplete"><label id="react-aria4086544985-:r3:" for="react-aria4086544985-:r2:" class="block text-sm font-medium text-iceberg-lighter-grey text-left sr-only">Search for product</label><div class="relative"><input type="text" class="flex h-10 w-full rounded-md border border-input bg-background px-3 py-2 text-sm ring-offset-background file:border-0 file:bg-transparent file:text-sm file:font-medium placeholder:text-muted-foreground focus-visible:outline-none focus-visible:ring-2 focus-visible:ring-ring focus-visible:ring-offset-2 disabled:cursor-not-allowed disabled:opacity-50 whitespace-nowrap overflow-hidden text-ellipsis pt-[5px] pr-[80px] pb-[5px] pl-[15px]" data-testid="autocomplete-input" aria-autocomplete="list" autocomplete="off" placeholder="Search for product" id="react-aria4086544985-:r2:" aria-labelledby="react-aria4086544985-:r3:" role="combobox" aria-expanded="false" autocorrect="off" spellcheck="false" value=""><div class="flex absolute right-2 top-0 h-7 gap-2 items-center mt-1.5"><button class="inline-flex items-center justify-center whitespace-nowrap rounded-md text-sm font-medium ring-offset-background transition-colors focus-visible:outline-none focus-visible:ring-2 focus-visible:ring-offset-2 disabled:pointer-events-none disabled:opacity-50 mr-2 h-5 w-5 right-0 top-3 bg-transparent text-iceberg-black hover:bg-transparent focus-visible:ring-iceberg-lighter-grey" data-testid="submit-search" title="Submit Search" aria-label="Submit Search" type="submit"><svg xmlns="http://www.w3.org/2000/svg" width="24" height="24" viewBox="0 0 24 24" fill="none" stroke="currentColor" stroke-width="2" stroke-linecap="round" stroke-linejoin="round" class="lucide lucide-search"><circle cx="11" cy="11" r="8"></circle><path d="m21 21-4.3-4.3"></path></svg></button></div></div></div></div></div><div class="desktop-site-header__booking-selector"><div class="booking-selector"><div class="fulfillment-mode"><button data-cruller="fulfillment-mode-button" data-cruller-extra="fulfillment-mode-button--autolocalized" class="fulfillment-mode-button fulfillment-mode-button--start-order" aria-expanded="false" aria-label="View location: Simrans NOFRILLS Grand Forks"><div class="fulfillment-mode-button__content"><div class="fulfillment-mode-button__content__location" data-cruller="current-location"><svg class="MuiSvgIcon-root fulfillment-mode-button__icon" focusable="false" viewBox="0 0 24 24" aria-hidden="true"><path d="M12 2C8.13 2 5 5.13 5 9c0 5.25 7 13 7 13s7-7.75 7-13c0-3.87-3.13-7-7-7zM7 9c0-2.76 2.24-5 5-5s5 2.24 5 5c0 2.88-2.88 7.19-5 9.88C9.92 16.21 7 11.85 7 9z"></path><circle cx="12" cy="9" r="2.5"></circle></svg><span>Simrans NOFRILLS Grand Forks</span></div></div></button></div></div></div></div><div class="menu-bar"><div class="menu-bar__navigation"><nav class="primary-nav" aria-label="Main navigation"><ul class="primary-nav__list primary-nav__list--level-0" data-code="root"><li class="primary-nav__list__item primary-nav__list__item--with-children"><button class="primary-nav__list__item__link primary-nav__list__item__link--banner" data-code="xp-455-food-departments" aria-expanded="false" data-aria-current="false"><span class="primary-nav__list__item__link__text">Grocery</span><svg class="MuiSvgIcon-root primary-nav__list__item__link__icon" focusable="false" viewBox="0 0 24 24" aria-hidden="true" style="font-size: 24px;"><path d="M16.59 8.59L12 13.17 7.41 8.59 6 10l6 6 6-6z"></path></svg></button><ul class="primary-nav__list primary-nav__list--level-1" data-code="xp-455-food-departments"><li class="primary-nav__list__item primary-nav__list__item--state-hover primary-nav__list__item--state-active primary-nav__list__item--with-children"><a class="primary-nav__list__item__link" data-code="/collection/summer-insiders" aria-expanded="true" href="/collection/summer-insiders?navid=flyout-L2-disc-summer-shop-sir" data-aria-current="page"><span class="primary-nav__list__item__link__text">Summer Shop</span></a><ul class="primary-nav__list primary-nav__list--level-2" data-code="disc-summer-shop-sir"><li class="primary-nav__list__item primary-nav__list__item--see-all" data-code="disc-summer-shop-sir"><a class="primary-nav__list__item__link" data-code="disc-summer-shop-sir" href="/collection/summer-insiders?navid=flyout-L2-see-all-Summer-Shop"><span class="primary-nav__list__item__link__text">See All Summer Shop</span></a></li><div class="nav-columns column-count--3"><li class="primary-nav__list__item"><a class="primary-nav__list__item__link" data-code="/collection/back-to-school-snacks" href="/collection/back-to-school-snacks?navid=flyout-L3-back-to-school-food-nav" style="min-height: 0px;"><span class="primary-nav__list__item__link__text" style="font-weight: 600; text-decoration: underline;">For All School Needs</span></a></li><li class="primary-nav__list__item"><a class="primary-nav__list__item__link" data-code="/collection/back-to-school-lunchboxes-meals" href="/collection/back-to-school-lunchboxes-meals?navid=flyout-L3-back-to-school-easy-meals"><span class="primary-nav__list__item__link__text">Lunchroom Essentials</span></a></li><li class="primary-nav__list__item"><a class="primary-nav__list__item__link" data-code="/collection/peanut-free" href="/collection/peanut-free?navid=flyout-L3-back-to-school-peanut-free"><span class="primary-nav__list__item__link__text">Peanut-free</span></a></li><li class="primary-nav__list__item"><a class="primary-nav__list__item__link" data-code="/collection/back-to-school-snacks" href="/collection/back-to-school-snacks?navid=flyout-L3-back-to-school-snacks"><span class="primary-nav__list__item__link__text">Snacks</span></a></li><li class="primary-nav__list__item"><a class="primary-nav__list__item__link" data-code="/collection/back-to-school-breakfast" href="/collection/back-to-school-breakfast?navid=flyout-L3-back-to-school-breakfast"><span class="primary-nav__list__item__link__text">Breakfast</span></a></li><li class="primary-nav__list__item"><a class="primary-nav__list__item__link" data-code="/collection/cottage-essentials" href="/collection/cottage-essentials?navid=flyout-L3-cottage-trip"><span class="primary-nav__list__item__link__text">Cottage Trip Must Haves</span></a></li><li class="primary-nav__list__item"><a class="primary-nav__list__item__link" data-code="/collection/canning-preserving" href="/collection/canning-preserving?navid=flyout-L3-canning-preserving" style="min-height: 0px;"><span class="primary-nav__list__item__link__text" style="font-weight: 600; text-decoration: underline;">Canning &amp; Preserving</span></a></li><li class="primary-nav__list__item"><a class="primary-nav__list__item__link" data-code="/collection/summer-bbq-meat-seafood" href="/collection/summer-bbq-meat-seafood?navid=flyout-L3-summer-bbq" style="min-height: 0px;"><span class="primary-nav__list__item__link__text" style="font-weight: 600; text-decoration: underline;">It's BBQ Season!</span></a></li><li class="primary-nav__list__item"><a class="primary-nav__list__item__link" data-code="/collection/summer-bbq-meat-seafood" href="/collection/summer-bbq-meat-seafood?navid=flyout-L3-summer-bbq-meat-seafood"><span class="primary-nav__list__item__link__text">BBQ Meat &amp; Seafood</span></a></li><li class="primary-nav__list__item"><a class="primary-nav__list__item__link" data-code="/collection/summer-bbq-beverages-snacks-dessert" href="/collection/summer-bbq-beverages-snacks-dessert?navid=flyout-L3-summer-bbq-snacks"><span class="primary-nav__list__item__link__text">BBQ Snacks &amp; Drinks</span></a></li><li class="primary-nav__list__item"><a class="primary-nav__list__item__link" data-code="/collection/summer-bbq-condiments" href="/collection/summer-bbq-condiments?navid=flyout-L3-summer-bbq-sauces"><span class="primary-nav__list__item__link__text">BBQ Condiments &amp; Sauces</span></a></li><li class="primary-nav__list__item"><a class="primary-nav__list__item__link" data-code="/collection/summer-bbq-must-haves" href="/collection/summer-bbq-must-haves?navid=flyout-L3-summer-bbq-sides"><span class="primary-nav__list__item__link__text">BBQ Sides</span></a></li><li class="primary-nav__list__item"><a class="primary-nav__list__item__link" data-code="/collection/health-beauty" href="/collection/health-beauty?navid=flyout-L3-dietary-alternatives-health-beauty"><span class="primary-nav__list__item__link__text">Health &amp; Beauty</span></a></li><li class="primary-nav__list__item"><a class="primary-nav__list__item__link" data-code="/collection/disc-pizzeria-dough-assortment" href="/collection/disc-pizzeria-dough-assortment?navid=flyout-L3-pizza-dough"><span class="primary-nav__list__item__link__text">Pizza Dough</span></a></li><li class="primary-nav__list__item"><a class="primary-nav__list__item__link" data-code="/collection/disc-pizzeria-own-your-toppings" href="/collection/disc-pizzeria-own-your-toppings?navid=flyout-L3-pizza-toppings"><span class="primary-nav__list__item__link__text">Pizza Toppings</span></a></li><li class="primary-nav__list__item"><a class="primary-nav__list__item__link" data-code="/collection/pizzeria-frozen-pizza" href="/collection/pizzeria-frozen-pizza?navid=flyout-L3-frozen-pizza"><span class="primary-nav__list__item__link__text">Ready-to-eat Pizza</span></a></li><li class="primary-nav__list__item"><a class="primary-nav__list__item__link" data-code="/collection/disc-pizzeria-beverages" href="/collection/disc-pizzeria-beverages?navid=flyout-L3-pizza-drinks"><span class="primary-nav__list__item__link__text">Beverages</span></a></li></div></ul></li><li class="primary-nav__list__item primary-nav__list__item--state-disabled primary-nav__list__item--with-children"><a class="primary-nav__list__item__link" data-code="28000" aria-expanded="false" href="/food/fruits-vegetables/c/28000?navid=flyout-L2-fruits-vegetables"><span class="primary-nav__list__item__link__text">Fruits &amp; Vegetables</span></a></li><li class="primary-nav__list__item primary-nav__list__item--state-disabled primary-nav__list__item--with-children"><a class="primary-nav__list__item__link" data-code="28003" aria-expanded="false" href="/food/dairy-eggs/c/28003?navid=flyout-L2-Dairy-and-Eggs"><span class="primary-nav__list__item__link__text">Dairy &amp; Eggs</span></a></li><li class="primary-nav__list__item primary-nav__list__item--state-disabled primary-nav__list__item--with-children"><a class="primary-nav__list__item__link" data-code="28006" aria-expanded="false" href="/food/pantry/c/28006?navid=flyout-L2-Pantry"><span class="primary-nav__list__item__link__text">Pantry</span></a></li><li class="primary-nav__list__item primary-nav__list__item--state-disabled primary-nav__list__item--with-children"><a class="primary-nav__list__item__link" data-code="58044" aria-expanded="false" href="/food/international-foods/c/58044?navid=flyout-L2-International-Foods"><span class="primary-nav__list__item__link__text">International Foods</span></a></li><li class="primary-nav__list__item primary-nav__list__item--state-disabled primary-nav__list__item--with-children"><a class="primary-nav__list__item__link" data-code="27998" aria-expanded="false" href="/food/meat/c/27998?navid=flyout-L2-Meat"><span class="primary-nav__list__item__link__text">Meat</span></a></li><li class="primary-nav__list__item primary-nav__list__item--state-disabled primary-nav__list__item--with-children"><a class="primary-nav__list__item__link" data-code="27999" aria-expanded="false" href="/food/fish-seafood/c/27999?navid=flyout-L2-Fish-and-Seafood"><span class="primary-nav__list__item__link__text">Fish &amp; Seafood</span></a></li><li class="primary-nav__list__item primary-nav__list__item--state-disabled primary-nav__list__item--with-children"><a class="primary-nav__list__item__link" data-code="57025" aria-expanded="false" href="/food/snacks-chips-candy/c/57025?navid=flyout-L2-snacks-chips-and-candy"><span class="primary-nav__list__item__link__text">Snacks, Chips &amp; Candy</span></a></li><li class="primary-nav__list__item primary-nav__list__item--state-disabled primary-nav__list__item--with-children"><a class="primary-nav__list__item__link" data-code="28004" aria-expanded="false" href="/food/drinks/c/28004?navid=flyout-L2-Drinks"><span class="primary-nav__list__item__link__text">Drinks</span></a></li><li class="primary-nav__list__item primary-nav__list__item--state-disabled primary-nav__list__item--with-children"><a class="primary-nav__list__item__link" data-code="28005" aria-expanded="false" href="/food/frozen-food/c/28005?navid=flyout-L2-frozen-food"><span class="primary-nav__list__item__link__text">Frozen Food</span></a></li><li class="primary-nav__list__item primary-nav__list__item--state-disabled primary-nav__list__item--with-children"><a class="primary-nav__list__item__link" data-code="28189" aria-expanded="false" href="/food/natural-and-organic/c/28189?navid=flyout-L2-Natural-Organic"><span class="primary-nav__list__item__link__text">Natural and Organic</span></a></li><li class="primary-nav__list__item primary-nav__list__item--state-disabled primary-nav__list__item--with-children"><a class="primary-nav__list__item__link" data-code="28001" aria-expanded="false" href="/food/deli/c/28001?navid=flyout-L2-Deli"><span class="primary-nav__list__item__link__text">Deli</span></a></li><li class="primary-nav__list__item primary-nav__list__item--state-disabled primary-nav__list__item--with-children"><a class="primary-nav__list__item__link" data-code="28002" aria-expanded="false" href="/food/bakery/c/28002?navid=flyout-L2-Bakery"><span class="primary-nav__list__item__link__text">Bakery</span></a></li><li class="primary-nav__list__item primary-nav__list__item--state-disabled primary-nav__list__item--with-children"><a class="primary-nav__list__item__link" data-code="27996" aria-expanded="false" href="/food/prepared-meals/c/27996?navid=flyout-L2-Prepared-Meals"><span class="primary-nav__list__item__link__text">Prepared Meals</span></a></li><li class="primary-nav__list__item primary-nav__list__item--state-disabled"><a class="primary-nav__list__item__link" data-code="58821" href="/floral-shop/c/58821?navid=flyout-L2-FloralShop"><span class="primary-nav__list__item__link__text">Floral Shop</span></a></li></ul></li><li class="primary-nav__list__item primary-nav__list__item--with-children"><button class="primary-nav__list__item__link primary-nav__list__item__link--banner" data-code="xp-455-nonfood-departments" aria-expanded="false" data-aria-current="false"><span class="primary-nav__list__item__link__text">Home, Beauty &amp; Baby</span><svg class="MuiSvgIcon-root primary-nav__list__item__link__icon" focusable="false" viewBox="0 0 24 24" aria-hidden="true" style="font-size: 24px;"><path d="M16.59 8.59L12 13.17 7.41 8.59 6 10l6 6 6-6z"></path></svg></button><ul class="primary-nav__list primary-nav__list--level-1" data-code="xp-455-nonfood-departments"><li class="primary-nav__list__item primary-nav__list__item--state-hover primary-nav__list__item--state-active primary-nav__list__item--with-children"><a class="primary-nav__list__item__link" data-code="/print-flyer?flyer_run_id=912780&amp;flyer_type_name=genmerch" aria-expanded="true" href="/print-flyer?flyer_run_id=912780&amp;flyer_type_name=genmerch&amp;navid=non-food-seasonal-shop-2024" data-aria-current="page"><span class="primary-nav__list__item__link__text">Seasonal Shop</span></a><ul class="primary-nav__list primary-nav__list--level-2" data-code="non-food-seasonal-shop-2024"><li class="primary-nav__list__item primary-nav__list__item--see-all" data-code="non-food-seasonal-shop-2024"><a class="primary-nav__list__item__link" data-code="non-food-seasonal-shop-2024" href="/print-flyer?flyer_run_id=912780&amp;flyer_type_name=genmerch?navid=flyout-L2-see-all-Seasonal-Shop"><span class="primary-nav__list__item__link__text">See All Seasonal Shop</span></a></li><div class="nav-columns column-count--2"><li class="primary-nav__list__item"><a class="primary-nav__list__item__link" data-code="/collection/back-to-school-stationery" href="/collection/back-to-school-stationery?navid=flyout-L3-back-to-school-non-food" style="min-height: 0px;"><span class="primary-nav__list__item__link__text" style="font-weight: 600; text-decoration: underline;">For All School Needs</span></a></li><li class="primary-nav__list__item"><a class="primary-nav__list__item__link" data-code="/collection/back-to-school-lunchboxes-meals" href="/collection/back-to-school-lunchboxes-meals?navid=flyout-L3-back-to-school-easy-meals"><span class="primary-nav__list__item__link__text">Lunchroom Essentials</span></a></li><li class="primary-nav__list__item"><a class="primary-nav__list__item__link" data-code="56017" href="/joe-fresh/c/56017?navid=flyout-L3-back-to-school-joe-fresh"><span class="primary-nav__list__item__link__text">Joe Fresh</span></a></li><li class="primary-nav__list__item"><a class="primary-nav__list__item__link" data-code="/collection/back-to-school-health-beauty" href="/collection/back-to-school-health-beauty?navid=flyout-L3-back-to-school-health-beauty"><span class="primary-nav__list__item__link__text">Health &amp; Beauty</span></a></li><li class="primary-nav__list__item"><a class="primary-nav__list__item__link" data-code="/collection/back-to-school-stationery" href="/collection/back-to-school-stationery?navid=flyout-L3-back-to-school-stationary"><span class="primary-nav__list__item__link__text">School Supplies</span></a></li><li class="primary-nav__list__item"><a class="primary-nav__list__item__link" data-code="/collection/back-to-school-furniture-decoration" href="/collection/back-to-school-furniture-decoration?navid=flyout-L3-back-to-school-dorm-decoration"><span class="primary-nav__list__item__link__text">Dorm Essentials</span></a></li><li class="primary-nav__list__item"><a class="primary-nav__list__item__link" data-code="/collection/health-beauty" href="/collection/health-beauty?navid=flyout-L3-dietary-alternatives-health-beauty"><span class="primary-nav__list__item__link__text">Health &amp; Beauty</span></a></li><li class="primary-nav__list__item"><a class="primary-nav__list__item__link" data-code="29362" href="/health-beauty/health-care/allergy-sinus/c/29362?navid=flyout-L3-allergy-sinus" style="min-height: 0px;"><span class="primary-nav__list__item__link__text" style="font-weight: 600; text-decoration: underline;">Allergy Relief</span></a></li></div></ul></li><li class="primary-nav__list__item primary-nav__list__item--state-disabled primary-nav__list__item--with-children"><a class="primary-nav__list__item__link" data-code="27987" aria-expanded="false" href="/baby/c/27987?navid=flyout-L2-Baby"><span class="primary-nav__list__item__link__text">Baby</span></a></li><li class="primary-nav__list__item primary-nav__list__item--state-disabled primary-nav__list__item--with-children"><a class="primary-nav__list__item__link" data-code="27988" aria-expanded="false" href="/pet-supplies/c/27988?navid=flyout-L2-Pet-Food-Supplies"><span class="primary-nav__list__item__link__text">Pet Food &amp; Supplies</span></a></li><li class="primary-nav__list__item primary-nav__list__item--state-disabled primary-nav__list__item--with-children"><a class="primary-nav__list__item__link" data-code="28011" aria-expanded="false" href="/home-and-living/household-cleaning-products/c/28011?navid=flyout-L2-Household-and-Cleaning-Products"><span class="primary-nav__list__item__link__text">Household Supplies</span></a></li><li class="primary-nav__list__item primary-nav__list__item--state-disabled primary-nav__list__item--with-children"><a class="primary-nav__list__item__link" data-code="27986" aria-expanded="false" href="/home-and-living/c/27986?navid=flyout-L2-Home &amp; Kitchen"><span class="primary-nav__list__item__link__text">Home &amp; Kitchen</span></a></li><li class="primary-nav__list__item primary-nav__list__item--state-disabled primary-nav__list__item--with-children"><a class="primary-nav__list__item__link" data-code="27994" aria-expanded="false" href="/health-beauty/c/27994?navid=flyout-L2-Health-and-Beauty"><span class="primary-nav__list__item__link__text">Health &amp; Beauty</span></a></li><li class="primary-nav__list__item primary-nav__list__item--state-disabled primary-nav__list__item--with-children"><a class="primary-nav__list__item__link" data-code="27992" aria-expanded="false" href="/computers-electronics/c/27992?navid=flyout-L2-Electronics &amp; Batteries "><span class="primary-nav__list__item__link__text">Electronics &amp; Batteries </span></a></li></ul></li><li class="primary-nav__list__item primary-nav__list__item--with-children"><button class="primary-nav__list__item__link" data-code="WhatsNew" aria-expanded="false" data-aria-current="false"><span class="primary-nav__list__item__link__text">New &amp; Now</span><svg class="MuiSvgIcon-root primary-nav__list__item__link__icon" focusable="false" viewBox="0 0 24 24" aria-hidden="true" style="font-size: 24px;"><path d="M16.59 8.59L12 13.17 7.41 8.59 6 10l6 6 6-6z"></path></svg></button><ul class="primary-nav__list primary-nav__list--level-1" data-code="WhatsNew"><li class="primary-nav__list__item"><a class="primary-nav__list__item__link" data-code="/collection/new-arrivals" href="/collection/new-arrivals?navid=flyout-L2-new-arrivals"><span class="primary-nav__list__item__link__text">New Arrivals</span></a></li><li class="primary-nav__list__item"><a class="primary-nav__list__item__link" data-code="/browse-by-brand" href="/browse-by-brand?navid=flyout-L2-Browse-by-Brand"><span class="primary-nav__list__item__link__text">Browse By Brand</span></a></li><li class="primary-nav__list__item"><a class="primary-nav__list__item__link" data-code="/collection/ziggys" href="/collection/ziggys?navid=flyout-L2-new-in-deli"><span class="primary-nav__list__item__link__text">New Deli Products</span></a></li><li class="primary-nav__list__item"><a class="primary-nav__list__item__link" data-code="/collection/disc-bake-shop-essentials" href="/collection/disc-bake-shop-essentials?navid=flyout-L2-seasonal-shop-nav-disc-the-bake-shop"><span class="primary-nav__list__item__link__text">The Bake Shop</span></a></li><li class="primary-nav__list__item"><a class="primary-nav__list__item__link" data-code="/collection/ice-cream-shop" href="/collection/ice-cream-shop?navid=flyout-L2-ice-cream-shop"><span class="primary-nav__list__item__link__text">Ice Cream Shop</span></a></li><li class="primary-nav__list__item"><a class="primary-nav__list__item__link" data-code="/collection/disc-hot-beverages-coffee" href="/collection/disc-hot-beverages-coffee?navid=flyout-L2-seasonal-shop-nav-disc-hot-bev"><span class="primary-nav__list__item__link__text">Coffee, tea &amp; hot drinks</span></a></li></ul></li><li class="primary-nav__list__item primary-nav__list__item--with-children"><button class="primary-nav__list__item__link" data-code="my-shop" aria-expanded="false" data-aria-current="false"><span class="primary-nav__list__item__link__text">My Shop</span><svg class="MuiSvgIcon-root primary-nav__list__item__link__icon" focusable="false" viewBox="0 0 24 24" aria-hidden="true" style="font-size: 24px;"><path d="M16.59 8.59L12 13.17 7.41 8.59 6 10l6 6 6-6z"></path></svg></button><ul class="primary-nav__list primary-nav__list--level-1" data-code="my-shop"><li class="primary-nav__list__item"><a class="primary-nav__list__item__link" data-code="/myshop" href="/myshop?navid=flyout-L2-QuickShopMostPurchasedNode"><span class="primary-nav__list__item__link__text">Most Purchased</span></a></li><li class="primary-nav__list__item"><a class="primary-nav__list__item__link" data-code="/myshop/past-orders" href="/myshop/past-orders?navid=flyout-L2-past-orders"><span class="primary-nav__list__item__link__text">Past Orders</span></a></li><li class="primary-nav__list__item"><a class="primary-nav__list__item__link" data-code="/myshop/aisles" href="/myshop/aisles?navid=flyout-L2-myshop-aisles"><span class="primary-nav__list__item__link__text">Aisles</span></a></li><li class="primary-nav__list__item"><a class="primary-nav__list__item__link" data-code="/lists" href="/lists?navid=flyout-L2-Shopping-List"><span class="primary-nav__list__item__link__text">Shopping List</span></a></li></ul></li><li class="primary-nav__list__item primary-nav__list__item--with-children"><button class="primary-nav__list__item__link" data-code="flyers-deals" aria-expanded="false" data-aria-current="false"><span class="primary-nav__list__item__link__text">Flyers &amp; Deals</span><svg class="MuiSvgIcon-root primary-nav__list__item__link__icon" focusable="false" viewBox="0 0 24 24" aria-hidden="true" style="font-size: 24px;"><path d="M16.59 8.59L12 13.17 7.41 8.59 6 10l6 6 6-6z"></path></svg></button><ul class="primary-nav__list primary-nav__list--level-1" data-code="flyers-deals"><li class="primary-nav__list__item"><a class="primary-nav__list__item__link" data-code="/print-flyer" href="/print-flyer?navid=flyout-L2-Flyer"><span class="primary-nav__list__item__link__text">Flyer</span></a></li><li class="primary-nav__list__item"><a class="primary-nav__list__item__link" data-code="/deals/all" href="/deals/all?navid=flyout-L2-All-Deals"><span class="primary-nav__list__item__link__text">All Deals</span></a></li><li class="primary-nav__list__item"><a class="primary-nav__list__item__link" data-code="/collection/online-offers" href="/collection/online-offers?navid=flyout-L2-online-offers"><span class="primary-nav__list__item__link__text">Online Offers</span></a></li><li class="primary-nav__list__item"><a class="primary-nav__list__item__link" data-code="/collection/flyer-favourites" href="/collection/flyer-favourites?navid=flyout-L2-flyer-favourites-navigation"><span class="primary-nav__list__item__link__text">Flyer Favourites</span></a></li><li class="primary-nav__list__item"><a class="primary-nav__list__item__link" data-code="/collection/online-offers" href="/collection/online-offers?navid=flyout-L2-ziggys-offer"><span class="primary-nav__list__item__link__text">Get 5,000 PC Points on Ziggy's Deli Meat</span></a></li><li class="primary-nav__list__item"><a class="primary-nav__list__item__link" data-code="/collection/disc-always-theme1" href="/collection/disc-always-theme1?navid=flyout-L2-flyer-deals-nav-disc-always-prices"><span class="primary-nav__list__item__link__text">Always Prices</span></a></li><li class="primary-nav__list__item"><a class="primary-nav__list__item__link" data-code="/collection/hit-of-the-month" href="/collection/hit-of-the-month?navid=flyout-L2-hit-of-the-month"><span class="primary-nav__list__item__link__text">Hit Of The Month</span></a></li><li class="primary-nav__list__item"><a class="primary-nav__list__item__link" data-code="/collection/no-name" href="/collection/no-name?navid=flyout-L2-no-name"><span class="primary-nav__list__item__link__text">shop no name®</span></a></li><li class="primary-nav__list__item"><a class="primary-nav__list__item__link" data-code="/wont-be-beat" href="/wont-be-beat?navid=flyout-L2-flyers-deals-won't-be-beat"><span class="primary-nav__list__item__link__text">Won't Be Beat</span></a></li></ul></li><li class="primary-nav__list__item primary-nav__list__item--with-children"><button class="primary-nav__list__item__link" data-code="services" aria-expanded="false" data-aria-current="false"><span class="primary-nav__list__item__link__text">Services</span><svg class="MuiSvgIcon-root primary-nav__list__item__link__icon" focusable="false" viewBox="0 0 24 24" aria-hidden="true" style="font-size: 24px;"><path d="M16.59 8.59L12 13.17 7.41 8.59 6 10l6 6 6-6z"></path></svg></button><ul class="primary-nav__list primary-nav__list--level-1" data-code="services"><li class="primary-nav__list__item"><a class="primary-nav__list__item__link" data-code="/pharmacy" href="/pharmacy?navid=flyout-L2-Pharmacy"><span class="primary-nav__list__item__link__text">Pharmacy</span></a></li><li class="primary-nav__list__item"><a class="primary-nav__list__item__link" data-code="/medical-clinics?navid=medical-clinics" href="/medical-clinics?navid=medical-clinics&amp;navid=Medical Clinics"><span class="primary-nav__list__item__link__text">Medical Clinics</span></a></li><li class="primary-nav__list__item"><a href="https://erefill.yourhealthmattershere.ca/lcl-erefill-services/home/en_CA/welcome?navid=flyout-L2-perscription-management" aria-describedby="describe-link-opens-new-tab" target="_blank" rel="noopener noreferrer" class="primary-nav__list__item__link" data-code="https://erefill.yourhealthmattershere.ca/lcl-erefill-services/home/en_CA/welcome" data-is-external-link="true"><span class="primary-nav__list__item__link__text">Prescription Management </span></a></li><li class="primary-nav__list__item"><a href="https://www.nonamemobile.ca/en/?navid=flyout-L2-no-name-mobile" aria-describedby="describe-link-opens-new-tab" target="_blank" rel="noopener noreferrer" class="primary-nav__list__item__link" data-code="https://www.nonamemobile.ca/en/" data-is-external-link="true"><span class="primary-nav__list__item__link__text">no name™ mobile</span></a></li><li class="primary-nav__list__item"><a class="primary-nav__list__item__link" data-code="/digital-flyer-subscriptions" href="/digital-flyer-subscriptions?navid=flyout-L2-digital-newsletter"><span class="primary-nav__list__item__link__text">Let's go digital, digital</span></a></li></ul></li><li class="primary-nav__list__item"><a class="primary-nav__list__item__link" data-code="/pc-express-pass" href="/pc-express-pass?navid=flyout-L1-PCXPass"><span class="primary-nav__list__item__link__text">PC Express Pass</span></a></li></ul></nav></div><div class="menu-bar__account menu-bar__account--exp-BX-2651-shift-flyout-down"><div class="header-account-links"><div class="header-account-links__item"><div class="account account--exp-BX-2651-login-font-color"><a class="sign-in account__login-link" data-track="headerSignInLink" data-auid="account-login-button" href="/account/login?redirect=/"><svg class="MuiSvgIcon-root account__login-link__icon" focusable="false" viewBox="0 0 24 24" aria-hidden="true" style="font-size: 16px;"><path d="M12 2C6.48 2 2 6.48 2 12s4.48 10 10 10 10-4.48 10-10S17.52 2 12 2zM7.07 18.28c.43-.9 3.05-1.78 4.93-1.78s4.51.88 4.93 1.78C15.57 19.36 13.86 20 12 20s-3.57-.64-4.93-1.72zm11.29-1.45c-1.43-1.74-4.9-2.33-6.36-2.33s-4.93.59-6.36 2.33C4.62 15.49 4 13.82 4 12c0-4.41 3.59-8 8-8s8 3.59 8 8c0 1.82-.62 3.49-1.64 4.83zM12 6c-1.94 0-3.5 1.56-3.5 3.5S10.06 13 12 13s3.5-1.56 3.5-3.5S13.94 6 12 6zm0 5c-.83 0-1.5-.67-1.5-1.5S11.17 8 12 8s1.5.67 1.5 1.5S12.83 11 12 11z"></path></svg>Sign In</a></div></div></div></div><div class="menu-bar__mini-cart" data-auid="mini-cart"><div class="mini-cart mini-cart--inactive" data-cruller="conditional-content-inactive"><button class="desktop-mini-cart-button" data-track="headerMiniCartButton" data-auid="mini-cart-button" aria-expanded="false" alt="Review Cart" data-testid="mini-cart-button"><span class="sr-only sr-only-focusable">Review Cart</span><div class="cart-item-count cart-item-count--length-0"><svg class="MuiSvgIcon-root cart-item-count__icon" focusable="false" viewBox="0 0 24 24" aria-hidden="true"><path d="M15.55 13c.75 0 1.41-.41 1.75-1.03l3.58-6.49c.37-.66-.11-1.48-.87-1.48H5.21l-.94-2H1v2h2l3.6 7.59-1.35 2.44C4.52 15.37 5.48 17 7 17h12v-2H7l1.1-2h7.45zM6.16 6h12.15l-2.76 5H8.53L6.16 6zM7 18c-1.1 0-1.99.9-1.99 2S5.9 22 7 22s2-.9 2-2-.9-2-2-2zm10 0c-1.1 0-1.99.9-1.99 2s.89 2 1.99 2 2-.9 2-2-.9-2-2-2z"></path></svg><span class="cart-item-count__text" data-cruller="mini-cart-item-count">0</span></div><div class="desktop-mini-cart-button__subtotal"><span class="cart-subtotal"><span data-cruller="cart-subtotal-text">$0.00</span></span></div><svg class="MuiSvgIcon-root desktop-mini-cart-button__icon" focusable="false" viewBox="0 0 24 24" aria-hidden="true" style="font-size: 18px;"><path d="M16.59 8.59L12 13.17 7.41 8.59 6 10l6 6 6-6z"></path></svg></button><div class="mini-cart__flyout" data-track-product-component="mini-cart" data-auid="mini-cart-flyout" data-cruller="mini-cart-flyout"><div class="cart-empty-warning"><p class="text text--small6 text--left text--default-color cart-empty-warning cart-empty-warning--text" role="status" tabindex="0">Your cart is empty</p></div><div class="cart-summary"><div class="cart-summary__content"><div class="cart-summary__content__subtotal"><span class="cart-summary__content__subtotal__text">Subtotal: </span><span class="cart-summary__content__subtotal__value">$0.00</span></div><button class="checkout-button checkout-button--cart-summary checkout-button--disabled" data-auid="checkout-button" data-cruller="checkout-button" disabled="" aria-disabled="true">Checkout</button></div></div></div></div></div><button class="checkout-button checkout-button--menu-bar checkout-button--disabled" data-auid="checkout-button" data-cruller="checkout-button" disabled="" aria-disabled="true">Checkout</button></div></header></div></div></div><div class="site-layout__content" style="margin-top: 0px;"><main class="site-content" id="site-content"><div class="view-resolver-component"><div class="css-1bju4e2"><div role="region" class="css-1b2i814"><div class="splide splide--loop splide--ltr splide--draggable is-active is-overflow is-initialized" aria-label="Banners" extensions="[object Object]" id="splide01" role="region" aria-roledescription="carousel"><div class="splide__arrows splide__arrows--ltr"><button class="splide__arrow splide__arrow--prev" type="button" aria-label="Go to last slide" aria-controls="splide01-track"><svg xmlns="http://www.w3.org/2000/svg" viewBox="0 0 40 40" width="40" height="40" focusable="false"><path d="m15.5 0.932-4.3 4.38 14.5 14.6-14.5 14.5 4.3 4.4 14.6-14.6 4.4-4.3-4.4-4.4-14.6-14.6z"></path></svg></button><button class="splide__arrow splide__arrow--next" type="button" aria-label="Next slide" aria-controls="splide01-track"><svg xmlns="http://www.w3.org/2000/svg" viewBox="0 0 40 40" width="40" height="40" focusable="false"><path d="m15.5 0.932-4.3 4.38 14.5 14.6-14.5 14.5 4.3 4.4 14.6-14.6 4.4-4.3-4.4-4.4-14.6-14.6z"></path></svg></button></div><div class="splide__track splide__track--loop splide__track--ltr splide__track--draggable" id="splide01-track" style="padding-left: 0px; padding-right: 0px; transition: height 0.4s ease 0s; height: 300px;"><div class="splide__list" id="splide01-list" role="presentation" style="transform: translateX(-3840px); align-items: flex-start;"><div class="splide__slide splide__slide--clone is-active" id="splide01-clone01" role="tabpanel" aria-roledescription="slide" aria-label="slide 1" style="width: calc(100%);" aria-hidden="true"><div class="banner-container css-lxww6q"><div class="chakra-container banner-wrapper css-362cmi" data-testid="section"><div class="banner-content css-1lremq4"><div class="badges-text-content css-k008qs"><div class="logo-text-content css-k008qs"><h2 class="chakra-text css-13is3q4" data-testid="banner-title">just low prices. (so switch)</h2><span class="chakra-text css-xstlix" data-testid="banner-body">low prices, more value. switch to no name®.</span></div></div><div class="chakra-stack css-3p39qh"><a class="chakra-link promo-btn css-xgrybd" data-testid="banner-promo-button-0" href="/collection/no-name?icid=gr_no%20name_hero_1_hp" tabindex="-1">Shop now</a></div></div><div class="banner-media css-14bm7b5"><img alt="" src="https://dis-prod.assetful.loblaw.ca/content/dam/loblaw-companies-limited/creative-assets/grocery/2024/wk29/cs-12472_no-name/web-hero-filled/wk29_dis_web-hero-filled_noname_b1_en.png?imwidth=856" loading="lazy" class="chakra-image css-0" data-testid="banner-image" data-splide-lazy="https://dis-prod.assetful.loblaw.ca/content/dam/loblaw-companies-limited/creative-assets/grocery/2024/wk29/cs-12472_no-name/web-hero-filled/wk29_dis_web-hero-filled_noname_b1_en.png?imwidth=856"><span class="splide__spinner"></span></div></div></div></div><div class="splide__slide splide__slide--clone is-prev" id="splide01-clone02" role="tabpanel" aria-roledescription="slide" aria-label="slide 2" style="width: calc(100%);" aria-hidden="true"><div class="banner-container css-1kqwsnl"><div class="chakra-container banner-wrapper css-362cmi" data-testid="section"><div class="banner-content css-1v8w7ae"><div class="badges-text-content css-k008qs"><div class="logo-text-content css-k008qs"><h2 class="chakra-text css-13is3q4" data-testid="banner-title">PRICE DROP</h2><span class="chakra-text css-xstlix" data-testid="banner-body">1000s of lowered prices every day! </span></div></div><div class="chakra-stack css-3p39qh"><a class="chakra-link promo-btn css-xgrybd" data-testid="banner-promo-button-0" href="/collection/price-drop?icid=gr_price-drop_hero_2_hp" tabindex="-1">Shop now</a></div></div><div class="banner-media css-14bm7b5"><img alt="" src="https://dis-prod.assetful.loblaw.ca/content/dam/loblaw-companies-limited/creative-assets/grocery/2024/wk26/cs-12516_nf_pricedrop/wk27-28_nf_web-hero-banner-filled_price-drop_b1_bil.png?imwidth=856" loading="lazy" class="chakra-image css-0" data-testid="banner-image"></div></div></div></div><div class="splide__slide is-active is-visible" id="splide01-slide01" role="tabpanel" aria-roledescription="slide" aria-label="slide 1" style="width: calc(100%);"><div class="banner-container css-lxww6q"><div class="chakra-container banner-wrapper css-362cmi" data-testid="section"><div class="banner-content css-1lremq4"><div class="badges-text-content css-k008qs"><div class="logo-text-content css-k008qs"><h2 class="chakra-text css-13is3q4" data-testid="banner-title">just low prices. (so switch)</h2><span class="chakra-text css-xstlix" data-testid="banner-body">low prices, more value. switch to no name®.</span></div></div><div class="chakra-stack css-3p39qh"><a class="chakra-link promo-btn css-xgrybd" data-testid="banner-promo-button-0" href="/collection/no-name?icid=gr_no%20name_hero_1_hp">Shop now</a></div></div><div class="banner-media css-14bm7b5"><img alt="" src="https://dis-prod.assetful.loblaw.ca/content/dam/loblaw-companies-limited/creative-assets/grocery/2024/wk29/cs-12472_no-name/web-hero-filled/wk29_dis_web-hero-filled_noname_b1_en.png?imwidth=856" loading="lazy" class="chakra-image css-0" data-testid="banner-image"></div></div></div></div><div class="splide__slide is-next" id="splide01-slide02" role="tabpanel" aria-roledescription="slide" aria-label="slide 2" style="width: calc(100%);" aria-hidden="true"><div class="banner-container css-1kqwsnl"><div class="chakra-container banner-wrapper css-362cmi" data-testid="section"><div class="banner-content css-1v8w7ae"><div class="badges-text-content css-k008qs"><div class="logo-text-content css-k008qs"><h2 class="chakra-text css-13is3q4" data-testid="banner-title">PRICE DROP</h2><span class="chakra-text css-xstlix" data-testid="banner-body">1000s of lowered prices every day! </span></div></div><div class="chakra-stack css-3p39qh"><a class="chakra-link promo-btn css-xgrybd" data-testid="banner-promo-button-0" href="/collection/price-drop?icid=gr_price-drop_hero_2_hp" tabindex="-1">Shop now</a></div></div><div class="banner-media css-14bm7b5"><img alt="" src="https://dis-prod.assetful.loblaw.ca/content/dam/loblaw-companies-limited/creative-assets/grocery/2024/wk26/cs-12516_nf_pricedrop/wk27-28_nf_web-hero-banner-filled_price-drop_b1_bil.png?imwidth=856" loading="lazy" class="chakra-image css-0" data-testid="banner-image"></div></div></div></div><div class="splide__slide splide__slide--clone is-active" id="splide01-clone03" role="tabpanel" aria-roledescription="slide" aria-label="slide 1" style="width: calc(100%);" aria-hidden="true"><div class="banner-container css-lxww6q"><div class="chakra-container banner-wrapper css-362cmi" data-testid="section"><div class="banner-content css-1lremq4"><div class="badges-text-content css-k008qs"><div class="logo-text-content css-k008qs"><h2 class="chakra-text css-13is3q4" data-testid="banner-title">just low prices. (so switch)</h2><span class="chakra-text css-xstlix" data-testid="banner-body">low prices, more value. switch to no name®.</span></div></div><div class="chakra-stack css-3p39qh"><a class="chakra-link promo-btn css-xgrybd" data-testid="banner-promo-button-0" href="/collection/no-name?icid=gr_no%20name_hero_1_hp" tabindex="-1">Shop now</a></div></div><div class="banner-media css-14bm7b5"><img alt="" src="https://dis-prod.assetful.loblaw.ca/content/dam/loblaw-companies-limited/creative-assets/grocery/2024/wk29/cs-12472_no-name/web-hero-filled/wk29_dis_web-hero-filled_noname_b1_en.png?imwidth=856" loading="lazy" class="chakra-image css-0" data-testid="banner-image" data-splide-lazy="https://dis-prod.assetful.loblaw.ca/content/dam/loblaw-companies-limited/creative-assets/grocery/2024/wk29/cs-12472_no-name/web-hero-filled/wk29_dis_web-hero-filled_noname_b1_en.png?imwidth=856"><span class="splide__spinner"></span></div></div></div></div><div class="splide__slide splide__slide--clone" id="splide01-clone04" role="tabpanel" aria-roledescription="slide" aria-label="slide 2" style="width: calc(100%);" aria-hidden="true"><div class="banner-container css-1kqwsnl"><div class="chakra-container banner-wrapper css-362cmi" data-testid="section"><div class="banner-content css-1v8w7ae"><div class="badges-text-content css-k008qs"><div class="logo-text-content css-k008qs"><h2 class="chakra-text css-13is3q4" data-testid="banner-title">PRICE DROP</h2><span class="chakra-text css-xstlix" data-testid="banner-body">1000s of lowered prices every day! </span></div></div><div class="chakra-stack css-3p39qh"><a class="chakra-link promo-btn css-xgrybd" data-testid="banner-promo-button-0" href="/collection/price-drop?icid=gr_price-drop_hero_2_hp" tabindex="-1">Shop now</a></div></div><div class="banner-media css-14bm7b5"><img alt="" src="https://dis-prod.assetful.loblaw.ca/content/dam/loblaw-companies-limited/creative-assets/grocery/2024/wk26/cs-12516_nf_pricedrop/wk27-28_nf_web-hero-banner-filled_price-drop_b1_bil.png?imwidth=856" loading="lazy" class="chakra-image css-0" data-testid="banner-image" data-splide-lazy="https://dis-prod.assetful.loblaw.ca/content/dam/loblaw-companies-limited/creative-assets/grocery/2024/wk26/cs-12516_nf_pricedrop/wk27-28_nf_web-hero-banner-filled_price-drop_b1_bil.png?imwidth=856"><span class="splide__spinner"></span></div></div></div></div></div></div><div class="bullet-wrapper"><ul class="splide__pagination splide__pagination--ltr" role="tablist" aria-label="Select a slide to show"><li role="presentation"><button class="splide__pagination__page is-active" type="button" role="tab" aria-controls="splide01-slide01" aria-label="Go to slide 1" aria-selected="true"></button></li><li role="presentation"><button class="splide__pagination__page" type="button" role="tab" aria-controls="splide01-slide02" aria-label="Go to slide 2" tabindex="-1"></button></li></ul></div></div></div></div><span id="__chakra_env" hidden=""></span></div><div class="page-layout page-layout--contentful-page contentful-page cms-homepage"><div class="contentful-page__content"></div></div><div class="view-resolver-component"><div class="chakra-container css-1yvva6b" data-testid="vertical-feature-cards"><div class="css-0"><a class="chakra-link css-14qfziv" href="#:ri:">skip a11ySection</a><div data-testid="scroller" class="css-10cksfv"><div class="indiana-scroll-container"><ul data-testid="feature-card-scroller" class="css-1lp5ovw"><li class="css-18f0hmm"><div data-testid="card" class="css-1u3io9a"><div data-testid="card-media" class="css-12n9na5"><div class="chakra-aspect-ratio css-o4977x"><img alt="" src="https://dis-prod.assetful.loblaw.ca/content/dam/loblaw-companies-limited/creative-assets/grocery/2024/wk21/cs-12742_discount_new-arrivals/nf/wk21-24_NF_P6_NewArrivals_Vertical-Tile_bil.jpg" loading="lazy" class="chakra-image css-o3ihhy" data-testid="feature-card-image"></div></div><div data-testid="card-content" class="css-si7j2x"><div class="css-1eia38w"><div class="css-1dk1fk9"><h3 class="chakra-text css-133hkvi" data-testid="feature-card-title">New Arrivals</h3><p class="chakra-text css-1ez1pmk" data-testid="feature-card-content">We've always got something new!</p></div><div class="css-gmy0so"><a class="chakra-link css-ngsgsm" data-testid="feature-card-cta" href="/collection/new-arrivals?icid=gr_new%20arrivals_verticaltile_1_hp">Shop now</a></div></div></div></div></li><li class="css-18f0hmm"><div data-testid="card" class="css-1u3io9a"><div data-testid="card-media" class="css-12n9na5"><div class="chakra-aspect-ratio css-o4977x"><img alt="" src="https://dis-prod.assetful.loblaw.ca/content/dam/loblaw-companies-limited/creative-assets/grocery/2024/wk29/cs-13098_discount_onlineoffers/rcss/wk29-30_rcss_tile-carousel_discount-online-offers_ziggy's-new_bil.png" loading="lazy" class="chakra-image css-o3ihhy" data-testid="feature-card-image"></div></div><div data-testid="card-content" class="css-si7j2x"><div class="css-1eia38w"><div class="css-1dk1fk9"><h3 class="chakra-text css-133hkvi" data-testid="feature-card-title">Spend $15, Get 5000 PC Points</h3><p class="chakra-text css-1ez1pmk" data-testid="feature-card-content">Earn on new deli meat options from Ziggy's using code ZIGGY</p></div><div class="css-gmy0so"><a class="chakra-link css-ngsgsm" data-testid="feature-card-cta" href="/collection/online-offers?icid=gr_new%20arrivals_verticaltile_2_hp">Shop now</a></div></div></div></div></li><li class="css-18f0hmm"><div data-testid="card" class="css-1u3io9a"><div data-testid="card-media" class="css-12n9na5"><div class="chakra-aspect-ratio css-o4977x"><img alt="" src="https://dis-prod.assetful.loblaw.ca/content/dam/loblaw-companies-limited/creative-assets/grocery/2024/wk9/cs-12750---q1'24-ao-regional-offers/wk09_pcx_cta-banner_AO-Regional-Offers_bil_1x.png" loading="lazy" class="chakra-image css-o3ihhy" data-testid="feature-card-image"></div></div><div data-testid="card-content" class="css-9amrng"><div class="css-1eia38w"><div class="css-1dk1fk9"><h3 class="chakra-text css-133hkvi" data-testid="feature-card-title">Unlock $59.97 in value! </h3><p class="chakra-text css-1ez1pmk" data-testid="feature-card-content">Get $30 in PC Optimum™ points and 3 months of FREE delivery and pickup (valued at $29.97) with your first PC Express order of $100 or more. Use code *CA2024 at checkout.</p></div><div class="css-gmy0so"></div></div></div></div></li><li class="css-18f0hmm"><div data-testid="card" class="css-1u3io9a"><div data-testid="card-media" class="css-12n9na5"><div class="chakra-aspect-ratio css-o4977x"><img alt="" src="https://dis-prod.assetful.loblaw.ca/content/dam/loblaw-companies-limited/creative-assets/grocery/2024/wk29/cs-12470_baby/no-frills/wk29-30_nf_tile-carousel_baby_bil.png" loading="lazy" class="chakra-image css-o3ihhy" data-testid="feature-card-image"></div></div><div data-testid="card-content" class="css-si7j2x"><div class="css-1eia38w"><div class="css-1dk1fk9"><h3 class="chakra-text css-133hkvi" data-testid="feature-card-title">Big dreams. Baby prices.</h3><p class="chakra-text css-1ez1pmk" data-testid="feature-card-content">Baby care essentials for your precious little ones.</p></div><div class="css-gmy0so"><a class="chakra-link css-ngsgsm" data-testid="feature-card-cta" href="/baby/c/27987?icid=gr_baby%20cheque_verticaltile_4_hp">Shop now</a></div></div></div></div></li><li class="css-18f0hmm"><div data-testid="card" class="css-1u3io9a"><div data-testid="card-media" class="css-12n9na5"><div class="chakra-aspect-ratio css-o4977x"><img alt="" src="https://dis-prod.assetful.loblaw.ca/content/dam/loblaw-companies-limited/creative-assets/grocery/2024/wk22/cs12740_discount_june-hotm/vertical-tile/june1-30_nf_tile-carousel_HOTM_en.png" loading="lazy" class="chakra-image css-o3ihhy" data-testid="feature-card-image"></div></div><div data-testid="card-content" class="css-si7j2x"><div class="css-1eia38w"><div class="css-1dk1fk9"><h3 class="chakra-text css-133hkvi" data-testid="feature-card-title">Hit Of The Month</h3><p class="chakra-text css-1ez1pmk" data-testid="feature-card-content">Find out what this month's extra special deal is.</p></div><div class="css-gmy0so"><a class="chakra-link css-ngsgsm" data-testid="feature-card-cta" href="/collection/value?icid=gr_hit-of-the-month_verticaltile_4_hp">Shop now</a></div></div></div></div></li></ul></div></div><div id=":ri:" class="css-0"> </div></div></div><div class="chakra-container css-1yvva6b" data-testid="section"><div class="css-147ar3n"><div class="css-2imjyh"></div><div class="css-owofrc"><div class="css-1pzcvyn"><div class="css-1pzcvyn"><h2 class="chakra-heading css-1thmpx" data-testid="heading">Won't be Beat</h2></div></div><a class="chakra-link css-jmtsim" data-testid="header-link" href="/wont-be-beat?icid=gr_wont-be-beat-headline_cta_1_hp" aria-label="Shop deals Won't be Beat">Shop deals</a></div></div><a class="chakra-link css-14qfziv" href="#:rd:">Skip Won't be Beat</a><div data-testid="scroller" class="css-10cksfv"><div class="indiana-scroll-container"><div class="css-sot53v"><div data-testid="card" class="css-1uwjmhu"><a class="chakra-link css-13jvj27" href="/food/fruits-vegetables/c/28000?icid=gr_nf-wont-be-beat-fresh_menu-tile_1_hp" data-testid="menu-tile-link"><div data-testid="card-media" class="css-409b2o"><img alt="" src="https://dis-prod.assetful.loblaw.ca/content/dam/loblaw-companies-limited/creative-assets/grocery/2023/wk40/cs-12293-wk-40-52-2023-no-frills-won't-be-beat-program-updates/menu_tile/NF_menu_tile_fresh_KY_280x140.png" loading="lazy" class="chakra-image css-0" data-testid="menu-tile-image"></div><div data-testid="card-content" class="css-7nxyxv"><p class="chakra-text css-1t0ix7u" data-testid="menu-tile-label"> Fresh Guarantee**</p></div></a></div><div data-testid="card" class="css-1uwjmhu"><a class="chakra-link css-13jvj27" href="/print-flyer?icid=gr_nf-wont-be-beat-throwback_tile_2_hp" data-testid="menu-tile-link"><div data-testid="card-media" class="css-409b2o"><img alt="" src="https://dis-prod.assetful.loblaw.ca/content/dam/loblaw-companies-limited/creative-assets/grocery/2023/wk40/cs-12293-wk-40-52-2023-no-frills-won't-be-beat-program-updates/menu_tile/NF_menu_tile_throwback_KY_280x140.png" loading="lazy" class="chakra-image css-0" data-testid="menu-tile-image"></div><div data-testid="card-content" class="css-7nxyxv"><p class="chakra-text css-1t0ix7u" data-testid="menu-tile-label">Throwback Prices‡</p></div></a></div><div data-testid="card" class="css-1uwjmhu"><a class="chakra-link css-13jvj27" href="/wont-be-beat?icid=gr_nf-wont-be-beat-raincheck_tile_3_hp" data-testid="menu-tile-link"><div data-testid="card-media" class="css-409b2o"><img alt="" src="https://dis-prod.assetful.loblaw.ca/content/dam/loblaw-companies-limited/creative-assets/grocery/2023/wk40/cs-12293-wk-40-52-2023-no-frills-won't-be-beat-program-updates/menu_tile/NF_menu_tile_raincheck_KY_280x140.png" loading="lazy" class="chakra-image css-0" data-testid="menu-tile-image"></div><div data-testid="card-content" class="css-7nxyxv"><p class="chakra-text css-1t0ix7u" data-testid="menu-tile-label">Rain Check + Points†</p></div></a></div><div data-testid="card" class="css-1uwjmhu"><a class="chakra-link css-13jvj27" href="/collection/price-drop?icid=gr_nf-wbb_cta_4_hp" data-testid="menu-tile-link"><div data-testid="card-media" class="css-409b2o"><img alt="" src="https://dis-prod.assetful.loblaw.ca/content/dam/loblaw-companies-limited/creative-assets/grocery/2024/wk21/cs-13123_saveforreal-wontbebeat/nf/NF_menu_tile_pricdrop_280x140.png" loading="lazy" class="chakra-image css-0" data-testid="menu-tile-image"></div><div data-testid="card-content" class="css-7nxyxv"><p class="chakra-text css-1t0ix7u" data-testid="menu-tile-label">Price Drop</p></div></a></div><div data-testid="card" class="css-1uwjmhu"><a class="chakra-link css-13jvj27" href="/collection/disc-always-theme1?icid=gr_nf-wbb_cta_5_hp" data-testid="menu-tile-link"><div data-testid="card-media" class="css-409b2o"><img alt="" src="https://dis-prod.assetful.loblaw.ca/content/dam/loblaw-companies-limited/creative-assets/grocery/2024/wk21/cs-13123_saveforreal-wontbebeat/nf/NF_menu_tile_always_CAPS_280x140.png" loading="lazy" class="chakra-image css-0" data-testid="menu-tile-image"></div><div data-testid="card-content" class="css-7nxyxv"><p class="chakra-text css-1t0ix7u" data-testid="menu-tile-label">ALWAYS PRICES</p></div></a></div><div data-testid="card" class="css-1uwjmhu"><a class="chakra-link css-13jvj27" href="/search?search-bar=no%20name&amp;sort=relevance&amp;productBrand=No%20Name&amp;icid=gr_nf-wbb_cta_6_hp" data-testid="menu-tile-link"><div data-testid="card-media" class="css-409b2o"><img alt="" src="https://dis-prod.assetful.loblaw.ca/content/dam/loblaw-companies-limited/creative-assets/grocery/2024/wk21/cs-13123_saveforreal-wontbebeat/nf/NF_menu_tile_noname_280x140.png" loading="lazy" class="chakra-image css-0" data-testid="menu-tile-image"></div><div data-testid="card-content" class="css-7nxyxv"><p class="chakra-text css-1t0ix7u" data-testid="menu-tile-label">no name®</p></div></a></div><div data-testid="card" class="css-1uwjmhu"><a class="chakra-link css-13jvj27" href="/deals/all?sort=relevance&amp;category=27985&amp;promotions=PC%20Points&amp;sellers?icid=gr_nf-wbb_cta_7_hp" data-testid="menu-tile-link"><div data-testid="card-media" class="css-409b2o"><img alt="" src="https://dis-prod.assetful.loblaw.ca/content/dam/loblaw-companies-limited/creative-assets/grocery/2024/wk21/cs-13123_saveforreal-wontbebeat/nf/NF_menu_tile_pco_280x140.png" loading="lazy" class="chakra-image css-0" data-testid="menu-tile-image"></div><div data-testid="card-content" class="css-7nxyxv"><p class="chakra-text css-1t0ix7u" data-testid="menu-tile-label">PC Optimum™</p></div></a></div><div data-testid="card" class="css-1uwjmhu"><a class="chakra-link css-13jvj27" href="/price-match?icid=gr_nf-wbb_cta_8_hp" data-testid="menu-tile-link"><div data-testid="card-media" class="css-409b2o"><img alt="" src="https://dis-prod.assetful.loblaw.ca/content/dam/loblaw-companies-limited/creative-assets/grocery/2024/wk21/cs-13123_saveforreal-wontbebeat/nf/NF_menu_tile_pricematch_280x140.png" loading="lazy" class="chakra-image css-0" data-testid="menu-tile-image"></div><div data-testid="card-content" class="css-7nxyxv"><p class="chakra-text css-1t0ix7u" data-testid="menu-tile-label">Price Match</p></div></a></div></div></div></div><div id=":rd:" class="css-0"> </div></div><div class="chakra-container css-1yvva6b" data-testid="section"><div class="css-147ar3n"><div class="css-2imjyh"></div><div class="css-owofrc"><div class="css-1pzcvyn"><div class="css-1pzcvyn"><h2 class="chakra-heading css-1thmpx" data-testid="heading">Our Value Picks</h2></div></div><a class="chakra-link css-jmtsim" data-testid="header-link" href="/collection/value?icid=gr_value-carousel_productcarousel_1_hp" aria-label="Shop now Our Value Picks">Shop now</a></div></div><a class="chakra-link css-14qfziv" href="#:ro:">skip Our Value Picks</a><div class="css-10cksfv"><div class="indiana-scroll-container"><ul role="list" class="css-7i2yy7"><li tabindex="-1" class="css-0"><div class="css-f5i5wc"><div class="chakra-linkbox css-vhnn8v"><div data-testid="product-image" class="css-16dr4ly"><img alt="Christie Vegetable Thins Original Crackers 180 g, $1.38/100g" src="https://assets.shop.loblaws.ca/products/21547047/b1/en/front/21547047_front_a01_@2.png" srcset="https://assets.shop.loblaws.ca/products/21547047/b1/en/front/21547047_front_a01_@2.png 1x, https://assets.shop.loblaws.ca/products/21547047/b1/en/front/21547047_front_a01_@2.png 2x" loading="lazy" class="chakra-image css-oguq8l" aria-hidden="true"></div><div class="css-qoklea"><div class="css-12dchmx"><div class="chakra-badge css-1esrteb" data-testid="product-badge"><div class="css-u4p24i">Hit of the Month</div></div></div><div data-testid="price-product-tile" class="css-8atqhb"><p class="chakra-text css-0"><span class="chakra-text css-o93gbd" data-testid="sale-price"><span class="css-idkz9h">$1.88</span>$1.88</span><span class="chakra-text css-623q5h" data-testid="was-price"><span class="css-idkz9h"></span></span></p><p class="chakra-text css-1m5a6y8" data-testid="price-descriptor">Limit 6, after limit $2.49</p></div><a href="/vegetable-thins-original-crackers/p/21547047_EA?source=nspt" class="chakra-linkbox__overlay css-1hnz6hu"><div class="css-0"><p class="chakra-text css-1ecdp9w" data-testid="product-brand">Christie</p><h3 class="chakra-heading css-6qrhwc" id="21547047_EA" data-testid="product-title">Vegetable Thins Original Crackers</h3><p class="chakra-text css-1yftjin" data-testid="product-package-size">180 g, $1.38/100g</p></div></a><div class="css-8keand"></div></div><div class="css-1q5omjq"><div class="css-fcebb8"><div data-testid="atc-compact" class="css-y94ivq" style="width: 45px;"><button type="button" class="chakra-button css-mudsm6" data-testid="atc-button"><svg stroke="currentColor" fill="currentColor" stroke-width="0" viewBox="0 0 24 24" focusable="false" class="chakra-icon css-1g3sp7a" data-testid="btn-icon" aria-hidden="true" height="1em" width="1em" xmlns="http://www.w3.org/2000/svg"><path d="M19 13h-6v6h-2v-6H5v-2h6V5h2v6h6v2z"></path></svg><span class="css-idkz9h">Add Vegetable Thins Original Crackers to cart</span></button></div></div></div></div></div></li><li tabindex="-1" class="css-0"><div class="css-f5i5wc"><div class="chakra-linkbox css-vhnn8v"><div data-testid="product-image" class="css-16dr4ly"><img alt="Christie Triscuit Roasted Garlic Crackers 200 g, $1.25/100g" src="https://assets.shop.loblaws.ca/products/21031061/b1/en/front/21031061_front_a01_@2.png" srcset="https://assets.shop.loblaws.ca/products/21031061/b1/en/front/21031061_front_a01_@2.png 1x, https://assets.shop.loblaws.ca/products/21031061/b1/en/front/21031061_front_a01_@2.png 2x" loading="lazy" class="chakra-image css-oguq8l" aria-hidden="true"></div><div class="css-qoklea"><div class="css-12dchmx"><div class="chakra-badge css-1esrteb" data-testid="product-badge"><div class="css-u4p24i">Hit of the Month</div></div></div><div data-testid="price-product-tile" class="css-8atqhb"><p class="chakra-text css-0"><span class="chakra-text css-o93gbd" data-testid="sale-price"><span class="css-idkz9h">$1.88</span>$1.88</span><span class="chakra-text css-623q5h" data-testid="was-price"><span class="css-idkz9h"></span></span></p><p class="chakra-text css-1m5a6y8" data-testid="price-descriptor">Limit 6, after limit $2.49</p></div><a href="/triscuit-roasted-garlic-crackers/p/21031061_EA?source=nspt" class="chakra-linkbox__overlay css-1hnz6hu"><div class="css-0"><p class="chakra-text css-1ecdp9w" data-testid="product-brand">Christie</p><h3 class="chakra-heading css-6qrhwc" id="21031061_EA" data-testid="product-title">Triscuit Roasted Garlic Crackers</h3><p class="chakra-text css-1yftjin" data-testid="product-package-size">200 g, $1.25/100g</p></div></a><div class="css-8keand"></div></div><div class="css-1q5omjq"><div class="css-fcebb8"><div data-testid="atc-compact" class="css-y94ivq" style="width: 45px;"><button type="button" class="chakra-button css-mudsm6" data-testid="atc-button"><svg stroke="currentColor" fill="currentColor" stroke-width="0" viewBox="0 0 24 24" focusable="false" class="chakra-icon css-1g3sp7a" data-testid="btn-icon" aria-hidden="true" height="1em" width="1em" xmlns="http://www.w3.org/2000/svg"><path d="M19 13h-6v6h-2v-6H5v-2h6V5h2v6h6v2z"></path></svg><span class="css-idkz9h">Add Triscuit Roasted Garlic Crackers to cart</span></button></div></div></div></div></div></li><li tabindex="-1" class="css-0"><div class="css-f5i5wc"><div class="chakra-linkbox css-vhnn8v"><div data-testid="product-image" class="css-16dr4ly"><img alt="Hostess Cupcakes Chocolate Cakes 206 g, $1.21/100g" src="https://assets.shop.loblaws.ca/products/21283746/b1/en/front/21283746_front_a01_@2.png" srcset="https://assets.shop.loblaws.ca/products/21283746/b1/en/front/21283746_front_a01_@2.png 1x, https://assets.shop.loblaws.ca/products/21283746/b1/en/front/21283746_front_a01_@2.png 2x" loading="lazy" class="chakra-image css-oguq8l" aria-hidden="true"></div><div class="css-qoklea"><div class="css-12dchmx"><div class="chakra-badge css-1esrteb" data-testid="product-badge"><div class="css-u4p24i">Hit of the Month</div></div></div><div data-testid="price-product-tile" class="css-8atqhb"><p class="chakra-text css-0"><span class="chakra-text css-o93gbd" data-testid="sale-price"><span class="css-idkz9h">$2.50</span>$2.50</span><span class="chakra-text css-623q5h" data-testid="was-price"><span class="css-idkz9h">$3.79</span>$3.79</span></p><p class="chakra-text css-1m5a6y8" data-testid="price-descriptor">SAVE $1.29</p></div><a href="/cupcakes-chocolate-cakes/p/21283746_EA?source=nspt" class="chakra-linkbox__overlay css-1hnz6hu"><div class="css-0"><p class="chakra-text css-1ecdp9w" data-testid="product-brand">Hostess</p><h3 class="chakra-heading css-6qrhwc" id="21283746_EA" data-testid="product-title">Cupcakes Chocolate Cakes</h3><p class="chakra-text css-1yftjin" data-testid="product-package-size">206 g, $1.21/100g</p></div></a><div class="css-8keand"></div></div><div class="css-1q5omjq"><div class="css-fcebb8"><div data-testid="atc-compact" class="css-y94ivq" style="width: 45px;"><button type="button" class="chakra-button css-mudsm6" data-testid="atc-button"><svg stroke="currentColor" fill="currentColor" stroke-width="0" viewBox="0 0 24 24" focusable="false" class="chakra-icon css-1g3sp7a" data-testid="btn-icon" aria-hidden="true" height="1em" width="1em" xmlns="http://www.w3.org/2000/svg"><path d="M19 13h-6v6h-2v-6H5v-2h6V5h2v6h6v2z"></path></svg><span class="css-idkz9h">Add Cupcakes Chocolate Cakes to cart</span></button></div></div></div></div></div></li><li tabindex="-1" class="css-0"><div class="css-f5i5wc"><div class="chakra-linkbox css-vhnn8v"><div data-testid="product-image" class="css-16dr4ly"><img alt="Maynards Watermelon Candy, Sour Candy, Gummy Candy, Sharing Size 315 g, $1.11/100g" src="https://assets.shop.loblaws.ca/products/21545794/b1/en/front/21545794_front_a01_@2.png" srcset="https://assets.shop.loblaws.ca/products/21545794/b1/en/front/21545794_front_a01_@2.png 1x, https://assets.shop.loblaws.ca/products/21545794/b1/en/front/21545794_front_a01_@2.png 2x" loading="lazy" class="chakra-image css-oguq8l" aria-hidden="true"></div><div class="css-qoklea"><div class="css-12dchmx"><div class="chakra-badge css-1esrteb" data-testid="product-badge"><div class="css-u4p24i">Hit of the Month</div></div></div><div data-testid="price-product-tile" class="css-edgrx3"><p class="chakra-text css-0"></p><p class="chakra-text css-o93gbd" data-testid="mop-regular-price"><span class="css-idkz9h">$3.00 Member Price</span>$3.00 Member Price</p><p class="chakra-text css-0"><span class="chakra-text css-1wji473" data-testid="non-members-price"><span class="css-idkz9h">$3.50 Non-Members</span>$3.50 Non-Members</span><span class="chakra-text css-esi4gg" data-testid="was-price"><span class="css-idkz9h"></span></span></p></div><a href="/watermelon-candy-sour-candy-gummy-candy-sharing-si/p/21545794_EA?source=nspt" class="chakra-linkbox__overlay css-1hnz6hu"><div class="css-0"><p class="chakra-text css-1ecdp9w" data-testid="product-brand">Maynards</p><h3 class="chakra-heading css-6qrhwc" id="21545794_EA" data-testid="product-title">Watermelon Candy, Sour Candy, Gummy Candy, Sharing Size</h3><p class="chakra-text css-1yftjin" data-testid="product-package-size">315 g, $1.11/100g</p></div></a><div class="css-8keand"></div></div><div class="css-1q5omjq"><div class="css-fcebb8"><div data-testid="atc-compact" class="css-y94ivq" style="width: 45px;"><button type="button" class="chakra-button css-mudsm6" data-testid="atc-button"><svg stroke="currentColor" fill="currentColor" stroke-width="0" viewBox="0 0 24 24" focusable="false" class="chakra-icon css-1g3sp7a" data-testid="btn-icon" aria-hidden="true" height="1em" width="1em" xmlns="http://www.w3.org/2000/svg"><path d="M19 13h-6v6h-2v-6H5v-2h6V5h2v6h6v2z"></path></svg><span class="css-idkz9h">Add Watermelon Candy, Sour Candy, Gummy Candy, Sharing Size to cart</span></button></div></div></div></div></div></li><li tabindex="-1" class="css-0"><div class="css-f5i5wc"><div class="chakra-linkbox css-vhnn8v"><div data-testid="product-image" class="css-16dr4ly"><img alt="Triscuit Garden Vegetable Crackers, No Artificial Colours or Flavours 185 g, $1.35/100g" src="https://assets.shop.loblaws.ca/products/21577817/b1/en/front/21577817_front_a01_@2.png" srcset="https://assets.shop.loblaws.ca/products/21577817/b1/en/front/21577817_front_a01_@2.png 1x, https://assets.shop.loblaws.ca/products/21577817/b1/en/front/21577817_front_a01_@2.png 2x" loading="lazy" class="chakra-image css-oguq8l" aria-hidden="true"></div><div class="css-qoklea"><div class="css-12dchmx"><div class="chakra-badge css-1esrteb" data-testid="product-badge"><div class="css-u4p24i">Hit of the Month</div></div></div><div data-testid="price-product-tile" class="css-8atqhb"><p class="chakra-text css-0"><span class="chakra-text css-o93gbd" data-testid="sale-price"><span class="css-idkz9h">$1.88</span>$1.88</span><span class="chakra-text css-623q5h" data-testid="was-price"><span class="css-idkz9h"></span></span></p><p class="chakra-text css-1m5a6y8" data-testid="price-descriptor">Limit 6, after limit $2.49</p></div><a href="/garden-vegetable-crackers-no-artificial-colours-or/p/21577817_EA?source=nspt" class="chakra-linkbox__overlay css-1hnz6hu"><div class="css-0"><p class="chakra-text css-1ecdp9w" data-testid="product-brand">Triscuit</p><h3 class="chakra-heading css-6qrhwc" id="21577817_EA" data-testid="product-title">Garden Vegetable Crackers, No Artificial Colours or Flavours</h3><p class="chakra-text css-1yftjin" data-testid="product-package-size">185 g, $1.35/100g</p></div></a><div class="css-8keand"></div></div><div class="css-1q5omjq"><div class="css-fcebb8"><div data-testid="atc-compact" class="css-y94ivq" style="width: 45px;"><button type="button" class="chakra-button css-mudsm6" data-testid="atc-button"><svg stroke="currentColor" fill="currentColor" stroke-width="0" viewBox="0 0 24 24" focusable="false" class="chakra-icon css-1g3sp7a" data-testid="btn-icon" aria-hidden="true" height="1em" width="1em" xmlns="http://www.w3.org/2000/svg"><path d="M19 13h-6v6h-2v-6H5v-2h6V5h2v6h6v2z"></path></svg><span class="css-idkz9h">Add Garden Vegetable Crackers, No Artificial Colours or Flavours to cart</span></button></div></div></div></div></div></li><li tabindex="-1" class="css-0"><div class="css-f5i5wc"><div class="chakra-linkbox css-vhnn8v"><div data-testid="product-image" class="css-16dr4ly"><img alt="President's Choice Rice Vermicelli Noodles 225 g, $1.11/100g" src="https://assets.shop.loblaws.ca/products/20659463/b1/en/front/20659463_front_a01_@2.png" srcset="https://assets.shop.loblaws.ca/products/20659463/b1/en/front/20659463_front_a01_@2.png 1x, https://assets.shop.loblaws.ca/products/20659463/b1/en/front/20659463_front_a01_@2.png 2x" loading="lazy" class="chakra-image css-oguq8l" aria-hidden="true"></div><div class="css-qoklea"><div class="css-12dchmx"></div><div data-testid="price-product-tile" class="css-8atqhb"><p class="chakra-text css-0"><span class="chakra-text css-pwnbcb" data-testid="regular-price"><span class="css-idkz9h">$2.49</span>$2.49</span></p></div><a href="/rice-vermicelli-noodles/p/20659463_EA?source=nspt" class="chakra-linkbox__overlay css-1hnz6hu"><div class="css-0"><p class="chakra-text css-1ecdp9w" data-testid="product-brand">President's Choice</p><h3 class="chakra-heading css-6qrhwc" id="20659463_EA" data-testid="product-title">Rice Vermicelli Noodles</h3><p class="chakra-text css-1yftjin" data-testid="product-package-size">225 g, $1.11/100g</p></div></a><div class="css-8keand"></div></div><div class="css-1q5omjq"><div class="css-fcebb8"><div data-testid="atc-compact" class="css-y94ivq" style="width: 45px;"><button type="button" class="chakra-button css-mudsm6" data-testid="atc-button"><svg stroke="currentColor" fill="currentColor" stroke-width="0" viewBox="0 0 24 24" focusable="false" class="chakra-icon css-1g3sp7a" data-testid="btn-icon" aria-hidden="true" height="1em" width="1em" xmlns="http://www.w3.org/2000/svg"><path d="M19 13h-6v6h-2v-6H5v-2h6V5h2v6h6v2z"></path></svg><span class="css-idkz9h">Add Rice Vermicelli Noodles to cart</span></button></div></div></div></div></div></li><li tabindex="-1" class="css-0"><div class="css-f5i5wc"><div class="chakra-linkbox css-vhnn8v"><div data-testid="product-image" class="css-16dr4ly"><img alt="Indomie Instant Noodles Mi Goreng Hot &amp; Spicy 5 Packs X 80 G () 5x425.0 g, $1.00/100g" src="https://assets.shop.loblaws.ca/products/21094981/b1/en/front/21094981_front_a01_@2.png" srcset="https://assets.shop.loblaws.ca/products/21094981/b1/en/front/21094981_front_a01_@2.png 1x, https://assets.shop.loblaws.ca/products/21094981/b1/en/front/21094981_front_a01_@2.png 2x" loading="lazy" class="chakra-image css-oguq8l" aria-hidden="true"></div><div class="css-qoklea"><div class="css-12dchmx"></div><div data-testid="price-product-tile" class="css-8atqhb"><p class="chakra-text css-0"><span class="chakra-text css-pwnbcb" data-testid="regular-price"><span class="css-idkz9h">$4.00</span>$4.00</span></p></div><a href="/instant-noodles-mi-goreng-hot-spicy-5-packs-x-80-g/p/21094981_EA?source=nspt" class="chakra-linkbox__overlay css-1hnz6hu"><div class="css-0"><p class="chakra-text css-1ecdp9w" data-testid="product-brand">Indomie</p><h3 class="chakra-heading css-6qrhwc" id="21094981_EA" data-testid="product-title">Instant Noodles Mi Goreng Hot &amp; Spicy 5 Packs X 80 G ()</h3><p class="chakra-text css-1yftjin" data-testid="product-package-size">5x425.0 g, $1.00/100g</p></div></a><div class="css-8keand"></div></div><div class="css-1q5omjq"><div class="css-fcebb8"><div data-testid="atc-compact" class="css-y94ivq" style="width: 45px;"><button type="button" class="chakra-button css-mudsm6" data-testid="atc-button"><svg stroke="currentColor" fill="currentColor" stroke-width="0" viewBox="0 0 24 24" focusable="false" class="chakra-icon css-1g3sp7a" data-testid="btn-icon" aria-hidden="true" height="1em" width="1em" xmlns="http://www.w3.org/2000/svg"><path d="M19 13h-6v6h-2v-6H5v-2h6V5h2v6h6v2z"></path></svg><span class="css-idkz9h">Add Instant Noodles Mi Goreng Hot &amp; Spicy 5 Packs X 80 G () to cart</span></button></div></div></div></div></div></li><li tabindex="-1" class="css-0"><div class="css-f5i5wc"><div class="chakra-linkbox css-vhnn8v"><div data-testid="product-image" class="css-16dr4ly"><img alt="Roma Pepperoni Mild Sliced 900 g, $1.44/100g" src="https://assets.shop.loblaws.ca/products/21217461/b1/en/front/21217461_front_a01_@2.png" srcset="https://assets.shop.loblaws.ca/products/21217461/b1/en/front/21217461_front_a01_@2.png 1x, https://assets.shop.loblaws.ca/products/21217461/b1/en/front/21217461_front_a01_@2.png 2x" loading="lazy" class="chakra-image css-oguq8l" aria-hidden="true"></div><div class="css-qoklea"><div class="css-12dchmx"></div><div data-testid="price-product-tile" class="css-8atqhb"><p class="chakra-text css-0"><span class="chakra-text css-pwnbcb" data-testid="regular-price"><span class="css-idkz9h">$12.99</span>$12.99</span></p></div><a href="/pepperoni-mild-sliced/p/21217461_EA?source=nspt" class="chakra-linkbox__overlay css-1hnz6hu"><div class="css-0"><p class="chakra-text css-1ecdp9w" data-testid="product-brand">Roma</p><h3 class="chakra-heading css-6qrhwc" id="21217461_EA" data-testid="product-title">Pepperoni Mild Sliced</h3><p class="chakra-text css-1yftjin" data-testid="product-package-size">900 g, $1.44/100g</p></div></a><div class="css-8keand"></div></div><div class="css-1q5omjq"><div class="css-fcebb8"><div data-testid="atc-compact" class="css-y94ivq" style="width: 45px;"><button type="button" class="chakra-button css-mudsm6" data-testid="atc-button"><svg stroke="currentColor" fill="currentColor" stroke-width="0" viewBox="0 0 24 24" focusable="false" class="chakra-icon css-1g3sp7a" data-testid="btn-icon" aria-hidden="true" height="1em" width="1em" xmlns="http://www.w3.org/2000/svg"><path d="M19 13h-6v6h-2v-6H5v-2h6V5h2v6h6v2z"></path></svg><span class="css-idkz9h">Add Pepperoni Mild Sliced to cart</span></button></div></div></div></div></div></li><li tabindex="-1" class="css-0"><div class="css-f5i5wc"><div class="chakra-linkbox css-vhnn8v"><div data-testid="product-image" class="css-16dr4ly"><img alt="High Liner Pan Sear Selects, Haddock Roasted Garlic 500 g, $3.50/100g" src="https://assets.shop.loblaws.ca/products/20845016/b1/en/front/20845016_front_a01_@2.png" srcset="https://assets.shop.loblaws.ca/products/20845016/b1/en/front/20845016_front_a01_@2.png 1x, https://assets.shop.loblaws.ca/products/20845016/b1/en/front/20845016_front_a01_@2.png 2x" loading="lazy" class="chakra-image css-oguq8l" aria-hidden="true"></div><div class="css-qoklea"><div class="css-12dchmx"></div><div data-testid="price-product-tile" class="css-8atqhb"><p class="chakra-text css-0"><span class="chakra-text css-pwnbcb" data-testid="regular-price"><span class="css-idkz9h">$17.49</span>$17.49</span></p></div><a href="/pan-sear-selects-haddock-roasted-garlic/p/20845016_EA?source=nspt" class="chakra-linkbox__overlay css-1hnz6hu"><div class="css-0"><p class="chakra-text css-1ecdp9w" data-testid="product-brand">High Liner</p><h3 class="chakra-heading css-6qrhwc" id="20845016_EA" data-testid="product-title">Pan Sear Selects, Haddock Roasted Garlic</h3><p class="chakra-text css-1yftjin" data-testid="product-package-size">500 g, $3.50/100g</p></div></a><div class="css-8keand"></div></div><div class="css-1q5omjq"><div class="css-fcebb8"><div data-testid="atc-compact" class="css-y94ivq" style="width: 45px;"><button type="button" class="chakra-button css-mudsm6" data-testid="atc-button"><svg stroke="currentColor" fill="currentColor" stroke-width="0" viewBox="0 0 24 24" focusable="false" class="chakra-icon css-1g3sp7a" data-testid="btn-icon" aria-hidden="true" height="1em" width="1em" xmlns="http://www.w3.org/2000/svg"><path d="M19 13h-6v6h-2v-6H5v-2h6V5h2v6h6v2z"></path></svg><span class="css-idkz9h">Add Pan Sear Selects, Haddock Roasted Garlic to cart</span></button></div></div></div></div></div></li><li tabindex="-1" class="css-0"><div class="css-f5i5wc"><div class="chakra-linkbox css-vhnn8v"><div data-testid="product-image" class="css-16dr4ly"><img alt="President's Choice The Natural Vinegar 4 l, $0.09/100ml" src="https://assets.shop.loblaws.ca/products/20149137/b1/en/front/20149137_front_a01_@2.png" srcset="https://assets.shop.loblaws.ca/products/20149137/b1/en/front/20149137_front_a01_@2.png 1x, https://assets.shop.loblaws.ca/products/20149137/b1/en/front/20149137_front_a01_@2.png 2x" loading="lazy" class="chakra-image css-oguq8l" aria-hidden="true"></div><div class="css-qoklea"><div class="css-12dchmx"></div><div data-testid="price-product-tile" class="css-8atqhb"><p class="chakra-text css-0"><span class="chakra-text css-pwnbcb" data-testid="regular-price"><span class="css-idkz9h">$3.49</span>$3.49</span></p></div><a href="/the-natural-vinegar/p/20149137_EA?source=nspt" class="chakra-linkbox__overlay css-1hnz6hu"><div class="css-0"><p class="chakra-text css-1ecdp9w" data-testid="product-brand">President's Choice</p><h3 class="chakra-heading css-6qrhwc" id="20149137_EA" data-testid="product-title">The Natural Vinegar</h3><p class="chakra-text css-1yftjin" data-testid="product-package-size">4 l, $0.09/100ml</p></div></a><div class="css-8keand"></div></div><div class="css-1q5omjq"><div class="css-fcebb8"><div data-testid="atc-compact" class="css-y94ivq" style="width: 45px;"><button type="button" class="chakra-button css-mudsm6" data-testid="atc-button"><svg stroke="currentColor" fill="currentColor" stroke-width="0" viewBox="0 0 24 24" focusable="false" class="chakra-icon css-1g3sp7a" data-testid="btn-icon" aria-hidden="true" height="1em" width="1em" xmlns="http://www.w3.org/2000/svg"><path d="M19 13h-6v6h-2v-6H5v-2h6V5h2v6h6v2z"></path></svg><span class="css-idkz9h">Add The Natural Vinegar to cart</span></button></div></div></div></div></div></li><li tabindex="-1" class="css-0"><div class="css-f5i5wc"><div class="chakra-linkbox css-vhnn8v"><div data-testid="product-image" class="css-16dr4ly"><img alt="No Name Chunk Light Tuna 170 g, $0.58/100g" src="https://assets.shop.loblaws.ca/products/20521647/b1/en/front/20521647_front_a01_@2.png" srcset="https://assets.shop.loblaws.ca/products/20521647/b1/en/front/20521647_front_a01_@2.png 1x, https://assets.shop.loblaws.ca/products/20521647/b1/en/front/20521647_front_a01_@2.png 2x" loading="lazy" class="chakra-image css-oguq8l" aria-hidden="true"></div><div class="css-qoklea"><div class="css-12dchmx"></div><div data-testid="price-product-tile" class="css-8atqhb"><p class="chakra-text css-0"><span class="chakra-text css-pwnbcb" data-testid="regular-price"><span class="css-idkz9h">$0.99</span>$0.99</span></p></div><a href="/chunk-light-tuna/p/20521647_EA?source=nspt" class="chakra-linkbox__overlay css-1hnz6hu"><div class="css-0"><p class="chakra-text css-1ecdp9w" data-testid="product-brand">No Name</p><h3 class="chakra-heading css-6qrhwc" id="20521647_EA" data-testid="product-title">Chunk Light Tuna</h3><p class="chakra-text css-1yftjin" data-testid="product-package-size">170 g, $0.58/100g</p></div></a><div class="css-8keand"></div></div><div class="css-1q5omjq"><div class="css-fcebb8"><div data-testid="atc-compact" class="css-y94ivq" style="width: 45px;"><button type="button" class="chakra-button css-mudsm6" data-testid="atc-button"><svg stroke="currentColor" fill="currentColor" stroke-width="0" viewBox="0 0 24 24" focusable="false" class="chakra-icon css-1g3sp7a" data-testid="btn-icon" aria-hidden="true" height="1em" width="1em" xmlns="http://www.w3.org/2000/svg"><path d="M19 13h-6v6h-2v-6H5v-2h6V5h2v6h6v2z"></path></svg><span class="css-idkz9h">Add Chunk Light Tuna to cart</span></button></div></div></div></div></div></li><li tabindex="-1" class="css-0"><div class="css-f5i5wc"><div class="chakra-linkbox css-vhnn8v"><div data-testid="product-image" class="css-16dr4ly"><img alt="Skyflakes M.Y Sans Crackers 800 g, $0.75/100g" src="https://assets.shop.loblaws.ca/products/21176798/b1/en/front/21176798_front_a01_@2.png" srcset="https://assets.shop.loblaws.ca/products/21176798/b1/en/front/21176798_front_a01_@2.png 1x, https://assets.shop.loblaws.ca/products/21176798/b1/en/front/21176798_front_a01_@2.png 2x" loading="lazy" class="chakra-image css-oguq8l" aria-hidden="true"></div><div class="css-qoklea"><div class="css-12dchmx"></div><div data-testid="price-product-tile" class="css-8atqhb"><p class="chakra-text css-0"><span class="chakra-text css-pwnbcb" data-testid="regular-price"><span class="css-idkz9h">$5.99</span>$5.99</span></p></div><a href="/m-y-sans-crackers/p/21176798_EA?source=nspt" class="chakra-linkbox__overlay css-1hnz6hu"><div class="css-0"><p class="chakra-text css-1ecdp9w" data-testid="product-brand">Skyflakes</p><h3 class="chakra-heading css-6qrhwc" id="21176798_EA" data-testid="product-title">M.Y Sans Crackers</h3><p class="chakra-text css-1yftjin" data-testid="product-package-size">800 g, $0.75/100g</p></div></a><div class="css-8keand"></div></div><div class="css-1q5omjq"><div class="css-fcebb8"><div data-testid="atc-compact" class="css-y94ivq" style="width: 45px;"><button type="button" class="chakra-button css-mudsm6" data-testid="atc-button"><svg stroke="currentColor" fill="currentColor" stroke-width="0" viewBox="0 0 24 24" focusable="false" class="chakra-icon css-1g3sp7a" data-testid="btn-icon" aria-hidden="true" height="1em" width="1em" xmlns="http://www.w3.org/2000/svg"><path d="M19 13h-6v6h-2v-6H5v-2h6V5h2v6h6v2z"></path></svg><span class="css-idkz9h">Add M.Y Sans Crackers to cart</span></button></div></div></div></div></div></li><li tabindex="-1" class="css-0"><div class="css-f5i5wc"><div class="chakra-linkbox css-vhnn8v"><div data-testid="product-image" class="css-16dr4ly"><img alt="Country Harvest 14 Grains Bread 600 g, $0.50/100g" src="https://assets.shop.loblaws.ca/products/21178642/b1/en/front/21178642_front_a01_@2.png" srcset="https://assets.shop.loblaws.ca/products/21178642/b1/en/front/21178642_front_a01_@2.png 1x, https://assets.shop.loblaws.ca/products/21178642/b1/en/front/21178642_front_a01_@2.png 2x" loading="lazy" class="chakra-image css-oguq8l" aria-hidden="true"></div><div class="css-qoklea"><div class="css-12dchmx"></div><div data-testid="price-product-tile" class="css-8atqhb"><p class="chakra-text css-0"><span class="chakra-text css-o93gbd" data-testid="sale-price"><span class="css-idkz9h">$3.00</span>$3.00</span><span class="chakra-text css-623q5h" data-testid="was-price"><span class="css-idkz9h">$3.99</span>$3.99</span></p><p class="chakra-text css-1m5a6y8" data-testid="price-descriptor">SAVE $0.99</p></div><a href="/14-grains-bread/p/21178642_EA?source=nspt" class="chakra-linkbox__overlay css-1hnz6hu"><div class="css-0"><p class="chakra-text css-1ecdp9w" data-testid="product-brand">Country Harvest</p><h3 class="chakra-heading css-6qrhwc" id="21178642_EA" data-testid="product-title">14 Grains Bread</h3><p class="chakra-text css-1yftjin" data-testid="product-package-size">600 g, $0.50/100g</p></div></a><div class="css-8keand"></div></div><div class="css-1q5omjq"><div class="css-fcebb8"><div data-testid="atc-compact" class="css-y94ivq" style="width: 45px;"><button type="button" class="chakra-button css-mudsm6" data-testid="atc-button"><svg stroke="currentColor" fill="currentColor" stroke-width="0" viewBox="0 0 24 24" focusable="false" class="chakra-icon css-1g3sp7a" data-testid="btn-icon" aria-hidden="true" height="1em" width="1em" xmlns="http://www.w3.org/2000/svg"><path d="M19 13h-6v6h-2v-6H5v-2h6V5h2v6h6v2z"></path></svg><span class="css-idkz9h">Add 14 Grains Bread to cart</span></button></div></div></div></div></div></li><li tabindex="-1" class="css-0"><div class="css-f5i5wc"><div class="chakra-linkbox css-vhnn8v"><div data-testid="product-image" class="css-16dr4ly"><img alt="Kraft Cheese Spread 450 g, $1.29/100g" src="https://assets.shop.loblaws.ca/products/20659606001/b1/en/front/20659606001_front_a01_@2.png" srcset="https://assets.shop.loblaws.ca/products/20659606001/b1/en/front/20659606001_front_a01_@2.png 1x, https://assets.shop.loblaws.ca/products/20659606001/b1/en/front/20659606001_front_a01_@2.png 2x" loading="lazy" class="chakra-image css-oguq8l" aria-hidden="true"></div><div class="css-qoklea"><div class="css-12dchmx"></div><div data-testid="price-product-tile" class="css-8atqhb"><p class="chakra-text css-0"><span class="chakra-text css-pwnbcb" data-testid="regular-price"><span class="css-idkz9h">$5.79</span>$5.79</span></p></div><a href="/cheese-spread/p/20659606001_EA?source=nspt" class="chakra-linkbox__overlay css-1hnz6hu"><div class="css-0"><p class="chakra-text css-1ecdp9w" data-testid="product-brand">Kraft</p><h3 class="chakra-heading css-6qrhwc" id="20659606001_EA" data-testid="product-title">Cheese Spread</h3><p class="chakra-text css-1yftjin" data-testid="product-package-size">450 g, $1.29/100g</p></div></a><div class="css-8keand"></div></div><div class="css-1q5omjq"><div class="css-fcebb8"><div data-testid="atc-compact" class="css-y94ivq" style="width: 45px;"><button type="button" class="chakra-button css-mudsm6" data-testid="atc-button"><svg stroke="currentColor" fill="currentColor" stroke-width="0" viewBox="0 0 24 24" focusable="false" class="chakra-icon css-1g3sp7a" data-testid="btn-icon" aria-hidden="true" height="1em" width="1em" xmlns="http://www.w3.org/2000/svg"><path d="M19 13h-6v6h-2v-6H5v-2h6V5h2v6h6v2z"></path></svg><span class="css-idkz9h">Add Cheese Spread to cart</span></button></div></div></div></div></div></li><li tabindex="-1" class="css-0"><div class="css-f5i5wc"><div class="chakra-linkbox css-vhnn8v"><div data-testid="product-image" class="css-16dr4ly"><img alt="null Extra Large Green Seedless Grapes $11.00/1kg $4.99/1lb" src="https://assets.shop.loblaws.ca/products/20425775001/b1/en/front/20425775001_front_a01_@2.png" srcset="https://assets.shop.loblaws.ca/products/20425775001/b1/en/front/20425775001_front_a01_@2.png 1x, https://assets.shop.loblaws.ca/products/20425775001/b1/en/front/20425775001_front_a01_@2.png 2x" loading="lazy" class="chakra-image css-oguq8l" aria-hidden="true"></div><div class="css-qoklea"><div class="css-12dchmx"></div><div data-testid="price-product-tile" class="css-8atqhb"><p class="chakra-text css-0"><span class="chakra-text css-pwnbcb" data-testid="regular-price"><span class="css-idkz9h">about $11.22</span>about $11.22</span></p></div><a href="/extra-large-green-seedless-grapes/p/20425775001_KG?source=nspt" class="chakra-linkbox__overlay css-1hnz6hu"><div class="css-0"><h3 class="chakra-heading css-6qrhwc" id="20425775001_KG" data-testid="product-title">Extra Large Green Seedless Grapes</h3><p class="chakra-text css-1yftjin" data-testid="product-package-size">$11.00/1kg $4.99/1lb</p></div></a><div class="css-8keand"></div></div><div class="css-1q5omjq"><div class="css-fcebb8"><div data-testid="atc-compact" class="css-y94ivq" style="width: 45px;"><button type="button" class="chakra-button css-mudsm6" data-testid="atc-button"><svg stroke="currentColor" fill="currentColor" stroke-width="0" viewBox="0 0 24 24" focusable="false" class="chakra-icon css-1g3sp7a" data-testid="btn-icon" aria-hidden="true" height="1em" width="1em" xmlns="http://www.w3.org/2000/svg"><path d="M19 13h-6v6h-2v-6H5v-2h6V5h2v6h6v2z"></path></svg><span class="css-idkz9h">Add Extra Large Green Seedless Grapes to cart</span></button></div></div></div></div></div></li><li tabindex="-1" class="css-0"><div class="css-f5i5wc"><div class="chakra-linkbox css-vhnn8v"><div data-testid="product-image" class="css-16dr4ly"><img alt="Schneider Hickory Smoked Classic Cut Bacon 375 g, $2.40/100g" src="https://assets.shop.loblaws.ca/products/20772671/b1/en/front/20772671_front_a01_@2.png" srcset="https://assets.shop.loblaws.ca/products/20772671/b1/en/front/20772671_front_a01_@2.png 1x, https://assets.shop.loblaws.ca/products/20772671/b1/en/front/20772671_front_a01_@2.png 2x" loading="lazy" class="chakra-image css-oguq8l" aria-hidden="true"></div><div class="css-qoklea"><div class="css-12dchmx"></div><div data-testid="price-product-tile" class="css-8atqhb"><p class="chakra-text css-0"><span class="chakra-text css-pwnbcb" data-testid="regular-price"><span class="css-idkz9h">$8.99</span>$8.99</span></p></div><a href="/hickory-smoked-classic-cut-bacon/p/20772671_EA?source=nspt" class="chakra-linkbox__overlay css-1hnz6hu"><div class="css-0"><p class="chakra-text css-1ecdp9w" data-testid="product-brand">Schneider</p><h3 class="chakra-heading css-6qrhwc" id="20772671_EA" data-testid="product-title">Hickory Smoked Classic Cut Bacon</h3><p class="chakra-text css-1yftjin" data-testid="product-package-size">375 g, $2.40/100g</p></div></a><div class="css-8keand"></div></div><div class="css-1q5omjq"><div class="css-fcebb8"><div data-testid="atc-compact" class="css-y94ivq" style="width: 45px;"><button type="button" class="chakra-button css-mudsm6" data-testid="atc-button"><svg stroke="currentColor" fill="currentColor" stroke-width="0" viewBox="0 0 24 24" focusable="false" class="chakra-icon css-1g3sp7a" data-testid="btn-icon" aria-hidden="true" height="1em" width="1em" xmlns="http://www.w3.org/2000/svg"><path d="M19 13h-6v6h-2v-6H5v-2h6V5h2v6h6v2z"></path></svg><span class="css-idkz9h">Add Hickory Smoked Classic Cut Bacon to cart</span></button></div></div></div></div></div></li><li tabindex="-1" class="css-0"><div class="css-f5i5wc"><div class="chakra-linkbox css-vhnn8v"><div data-testid="product-image" class="css-16dr4ly"><img alt="Farmer's Market Sweet Corn 4 pack, $1.25/1ea" src="https://assets.shop.loblaws.ca/products/20348977001/b1/en/front/20348977001_front_a01_@2.png" srcset="https://assets.shop.loblaws.ca/products/20348977001/b1/en/front/20348977001_front_a01_@2.png 1x, https://assets.shop.loblaws.ca/products/20348977001/b1/en/front/20348977001_front_a01_@2.png 2x" loading="lazy" class="chakra-image css-oguq8l" aria-hidden="true"></div><div class="css-qoklea"><div class="css-12dchmx"></div><div data-testid="price-product-tile" class="css-8atqhb"><p class="chakra-text css-0"><span class="chakra-text css-pwnbcb" data-testid="regular-price"><span class="css-idkz9h">$4.99</span>$4.99</span></p></div><a href="/sweet-corn/p/20348977001_EA?source=nspt" class="chakra-linkbox__overlay css-1hnz6hu"><div class="css-0"><p class="chakra-text css-1ecdp9w" data-testid="product-brand">Farmer's Market</p><h3 class="chakra-heading css-6qrhwc" id="20348977001_EA" data-testid="product-title">Sweet Corn</h3><p class="chakra-text css-1yftjin" data-testid="product-package-size">4 pack, $1.25/1ea</p></div></a><div class="css-8keand"></div></div><div class="css-1q5omjq"><div class="css-fcebb8"><div data-testid="atc-compact" class="css-y94ivq" style="width: 45px;"><button type="button" class="chakra-button css-mudsm6" data-testid="atc-button"><svg stroke="currentColor" fill="currentColor" stroke-width="0" viewBox="0 0 24 24" focusable="false" class="chakra-icon css-1g3sp7a" data-testid="btn-icon" aria-hidden="true" height="1em" width="1em" xmlns="http://www.w3.org/2000/svg"><path d="M19 13h-6v6h-2v-6H5v-2h6V5h2v6h6v2z"></path></svg><span class="css-idkz9h">Add Sweet Corn to cart</span></button></div></div><div class="css-4saf4a"><p class="chakra-text css-py8788" data-testid="inventory-badge-text">Low Stock</p></div></div></div></div></li><li tabindex="-1" class="css-0"><div class="css-f5i5wc"><div class="chakra-linkbox css-vhnn8v"><div data-testid="product-image" class="css-16dr4ly"><img alt="Pepsi Soda       6x710.0 ml, $0.14/100ml" src="https://assets.shop.loblaws.ca/products/20310546002/b1/en/front/20310546002_front_a01_@2.png" srcset="https://assets.shop.loblaws.ca/products/20310546002/b1/en/front/20310546002_front_a01_@2.png 1x, https://assets.shop.loblaws.ca/products/20310546002/b1/en/front/20310546002_front_a01_@2.png 2x" loading="lazy" class="chakra-image css-oguq8l" aria-hidden="true"></div><div class="css-qoklea"><div class="css-12dchmx"></div><div data-testid="price-product-tile" class="css-8atqhb"><p class="chakra-text css-0"><span class="chakra-text css-pwnbcb" data-testid="regular-price"><span class="css-idkz9h">$5.79</span>$5.79</span></p></div><a href="/soda/p/20310546002_C06?source=nspt" class="chakra-linkbox__overlay css-1hnz6hu"><div class="css-0"><p class="chakra-text css-1ecdp9w" data-testid="product-brand">Pepsi</p><h3 class="chakra-heading css-6qrhwc" id="20310546002_C06" data-testid="product-title">Soda      </h3><p class="chakra-text css-1yftjin" data-testid="product-package-size">6x710.0 ml, $0.14/100ml</p></div></a><div class="css-8keand"></div></div><div class="css-1q5omjq"><div class="css-fcebb8"><div data-testid="atc-compact" class="css-y94ivq" style="width: 45px;"><button type="button" class="chakra-button css-mudsm6" data-testid="atc-button"><svg stroke="currentColor" fill="currentColor" stroke-width="0" viewBox="0 0 24 24" focusable="false" class="chakra-icon css-1g3sp7a" data-testid="btn-icon" aria-hidden="true" height="1em" width="1em" xmlns="http://www.w3.org/2000/svg"><path d="M19 13h-6v6h-2v-6H5v-2h6V5h2v6h6v2z"></path></svg><span class="css-idkz9h">Add Soda       to cart</span></button></div></div><div class="css-4saf4a"><p class="chakra-text css-py8788" data-testid="inventory-badge-text">Low Stock</p></div></div></div></div></li><li tabindex="-1" class="css-0"><div class="css-f5i5wc"><div class="chakra-linkbox css-vhnn8v"><div data-testid="product-image" class="css-16dr4ly"><img alt="Allen's Pure Apple Juice Low Acid 1 l, $0.13/100ml" src="https://assets.shop.loblaws.ca/products/20307424001/b1/en/front/20307424001_front_a01_@2.png" srcset="https://assets.shop.loblaws.ca/products/20307424001/b1/en/front/20307424001_front_a01_@2.png 1x, https://assets.shop.loblaws.ca/products/20307424001/b1/en/front/20307424001_front_a01_@2.png 2x" loading="lazy" class="chakra-image css-oguq8l" aria-hidden="true"></div><div class="css-qoklea"><div class="css-12dchmx"></div><div data-testid="price-product-tile" class="css-8atqhb"><p class="chakra-text css-0"><span class="chakra-text css-o93gbd" data-testid="sale-price"><span class="css-idkz9h">$1.25</span>$1.25</span><span class="chakra-text css-623q5h" data-testid="was-price"><span class="css-idkz9h">$1.69</span>$1.69</span></p><p class="chakra-text css-1m5a6y8" data-testid="price-descriptor">SAVE $0.44</p></div><a href="/pure-apple-juice-low-acid/p/20307424001_EA?source=nspt" class="chakra-linkbox__overlay css-1hnz6hu"><div class="css-0"><p class="chakra-text css-1ecdp9w" data-testid="product-brand">Allen's</p><h3 class="chakra-heading css-6qrhwc" id="20307424001_EA" data-testid="product-title">Pure Apple Juice Low Acid</h3><p class="chakra-text css-1yftjin" data-testid="product-package-size">1 l, $0.13/100ml</p></div></a><div class="css-8keand"></div></div><div class="css-1q5omjq"><div class="css-fcebb8"><div data-testid="atc-compact" class="css-y94ivq" style="width: 45px;"><button type="button" class="chakra-button css-mudsm6" data-testid="atc-button"><svg stroke="currentColor" fill="currentColor" stroke-width="0" viewBox="0 0 24 24" focusable="false" class="chakra-icon css-1g3sp7a" data-testid="btn-icon" aria-hidden="true" height="1em" width="1em" xmlns="http://www.w3.org/2000/svg"><path d="M19 13h-6v6h-2v-6H5v-2h6V5h2v6h6v2z"></path></svg><span class="css-idkz9h">Add Pure Apple Juice Low Acid to cart</span></button></div></div></div></div></div></li><li tabindex="-1" class="css-0"><div class="css-f5i5wc"><div class="chakra-linkbox css-vhnn8v"><div data-testid="product-image" class="css-16dr4ly"><img alt="Black Diamond Processed cheddar cheese slices, 22 units 410 g, $1.10/100g" src="https://assets.shop.loblaws.ca/products/21252564/b1/en/front/21252564_front_a01_@2.png" srcset="https://assets.shop.loblaws.ca/products/21252564/b1/en/front/21252564_front_a01_@2.png 1x, https://assets.shop.loblaws.ca/products/21252564/b1/en/front/21252564_front_a01_@2.png 2x" loading="lazy" class="chakra-image css-oguq8l" aria-hidden="true"></div><div class="css-qoklea"><div class="css-12dchmx"></div><div data-testid="price-product-tile" class="css-8atqhb"><p class="chakra-text css-0"><span class="chakra-text css-pwnbcb" data-testid="regular-price"><span class="css-idkz9h">$4.49</span>$4.49</span></p></div><a href="/processed-cheddar-cheese-slices-22-units/p/21252564_EA?source=nspt" class="chakra-linkbox__overlay css-1hnz6hu"><div class="css-0"><p class="chakra-text css-1ecdp9w" data-testid="product-brand">Black Diamond</p><h3 class="chakra-heading css-6qrhwc" id="21252564_EA" data-testid="product-title">Processed cheddar cheese slices, 22 units</h3><p class="chakra-text css-1yftjin" data-testid="product-package-size">410 g, $1.10/100g</p></div></a><div class="css-8keand"></div></div><div class="css-1q5omjq"><div class="css-fcebb8"><div data-testid="atc-compact" class="css-y94ivq" style="width: 45px;"><button type="button" class="chakra-button css-mudsm6" data-testid="atc-button"><svg stroke="currentColor" fill="currentColor" stroke-width="0" viewBox="0 0 24 24" focusable="false" class="chakra-icon css-1g3sp7a" data-testid="btn-icon" aria-hidden="true" height="1em" width="1em" xmlns="http://www.w3.org/2000/svg"><path d="M19 13h-6v6h-2v-6H5v-2h6V5h2v6h6v2z"></path></svg><span class="css-idkz9h">Add Processed cheddar cheese slices, 22 units to cart</span></button></div></div></div></div></div></li><li tabindex="-1" class="css-0"><div class="css-f5i5wc"><div class="chakra-linkbox css-vhnn8v"><div data-testid="product-image" class="css-16dr4ly"><img alt="Campbell's Cream of Mushroom Condensed Soup 284 ml, $0.35/100ml" src="https://assets.shop.loblaws.ca/products/20176214004/b1/en/front/20176214004_front_a01_@2.png" srcset="https://assets.shop.loblaws.ca/products/20176214004/b1/en/front/20176214004_front_a01_@2.png 1x, https://assets.shop.loblaws.ca/products/20176214004/b1/en/front/20176214004_front_a01_@2.png 2x" loading="lazy" class="chakra-image css-oguq8l" aria-hidden="true"></div><div class="css-qoklea"><div class="css-12dchmx"></div><div data-testid="price-product-tile" class="css-8atqhb"><p class="chakra-text css-0"><span class="chakra-text css-o93gbd" data-testid="sale-price"><span class="css-idkz9h">$0.99</span>$0.99</span><span class="chakra-text css-623q5h" data-testid="was-price"><span class="css-idkz9h">$1.49</span>$1.49</span></p><p class="chakra-text css-1m5a6y8" data-testid="price-descriptor">SAVE $0.50</p></div><a href="/cream-of-mushroom-condensed-soup/p/20176214004_EA?source=nspt" class="chakra-linkbox__overlay css-1hnz6hu"><div class="css-0"><p class="chakra-text css-1ecdp9w" data-testid="product-brand">Campbell's</p><h3 class="chakra-heading css-6qrhwc" id="20176214004_EA" data-testid="product-title">Cream of Mushroom Condensed Soup</h3><p class="chakra-text css-1yftjin" data-testid="product-package-size">284 ml, $0.35/100ml</p></div></a><div class="css-8keand"></div></div><div class="css-1q5omjq"><div class="css-fcebb8"><div data-testid="atc-compact" class="css-y94ivq" style="width: 45px;"><button type="button" class="chakra-button css-mudsm6" data-testid="atc-button"><svg stroke="currentColor" fill="currentColor" stroke-width="0" viewBox="0 0 24 24" focusable="false" class="chakra-icon css-1g3sp7a" data-testid="btn-icon" aria-hidden="true" height="1em" width="1em" xmlns="http://www.w3.org/2000/svg"><path d="M19 13h-6v6h-2v-6H5v-2h6V5h2v6h6v2z"></path></svg><span class="css-idkz9h">Add Cream of Mushroom Condensed Soup to cart</span></button></div></div></div></div></div></li><li tabindex="-1" class="css-0"><div class="css-f5i5wc"><div class="chakra-linkbox css-vhnn8v"><div data-testid="product-image" class="css-16dr4ly"><img alt="null Yellow Peaches $6.59/1kg $2.99/1lb" src="https://assets.shop.loblaws.ca/products/20311564001/b1/en/front/20311564001_front_a01_@2.png" srcset="https://assets.shop.loblaws.ca/products/20311564001/b1/en/front/20311564001_front_a01_@2.png 1x, https://assets.shop.loblaws.ca/products/20311564001/b1/en/front/20311564001_front_a01_@2.png 2x" loading="lazy" class="chakra-image css-oguq8l" aria-hidden="true"></div><div class="css-qoklea"><div class="css-12dchmx"></div><div data-testid="price-product-tile" class="css-8atqhb"><p class="chakra-text css-0"><span class="chakra-text css-o93gbd" data-testid="sale-price"><span class="css-idkz9h">about $1.32</span>about $1.32</span><span class="chakra-text css-623q5h" data-testid="was-price"><span class="css-idkz9h">$1.76</span>$1.76</span></p><p class="chakra-text css-1m5a6y8" data-testid="price-descriptor">SAVE $0.44</p></div><a href="/yellow-peaches/p/20311564001_KG?source=nspt" class="chakra-linkbox__overlay css-1hnz6hu"><div class="css-0"><h3 class="chakra-heading css-6qrhwc" id="20311564001_KG" data-testid="product-title">Yellow Peaches</h3><p class="chakra-text css-1yftjin" data-testid="product-package-size">$6.59/1kg $2.99/1lb</p></div></a><div class="css-8keand"></div></div><div class="css-1q5omjq"><div class="css-fcebb8"><div data-testid="atc-compact" class="css-y94ivq" style="width: 45px;"><button type="button" class="chakra-button css-mudsm6" data-testid="atc-button"><svg stroke="currentColor" fill="currentColor" stroke-width="0" viewBox="0 0 24 24" focusable="false" class="chakra-icon css-1g3sp7a" data-testid="btn-icon" aria-hidden="true" height="1em" width="1em" xmlns="http://www.w3.org/2000/svg"><path d="M19 13h-6v6h-2v-6H5v-2h6V5h2v6h6v2z"></path></svg><span class="css-idkz9h">Add Yellow Peaches to cart</span></button></div></div></div></div></div></li><li tabindex="-1" class="css-0"><div class="css-f5i5wc"><div class="chakra-linkbox css-vhnn8v"><div data-testid="product-image" class="css-16dr4ly"><img alt="Del Monte Guava-Mango&nbsp;Fruit Juice Cocktail&nbsp;Blend 2.5 l, $0.30/100ml" src="https://assets.shop.loblaws.ca/products/21437381/b1/en/front/21437381_front_a01_@2.png" srcset="https://assets.shop.loblaws.ca/products/21437381/b1/en/front/21437381_front_a01_@2.png 1x, https://assets.shop.loblaws.ca/products/21437381/b1/en/front/21437381_front_a01_@2.png 2x" loading="lazy" class="chakra-image css-oguq8l" aria-hidden="true"></div><div class="css-qoklea"><div class="css-12dchmx"></div><div data-testid="price-product-tile" class="css-8atqhb"><p class="chakra-text css-0"><span class="chakra-text css-pwnbcb" data-testid="regular-price"><span class="css-idkz9h">$7.49</span>$7.49</span></p></div><a href="/guava-mango-fruit-juice-cocktail-blend/p/21437381_EA?source=nspt" class="chakra-linkbox__overlay css-1hnz6hu"><div class="css-0"><p class="chakra-text css-1ecdp9w" data-testid="product-brand">Del Monte</p><h3 class="chakra-heading css-6qrhwc" id="21437381_EA" data-testid="product-title">Guava-Mango&nbsp;Fruit Juice Cocktail&nbsp;Blend</h3><p class="chakra-text css-1yftjin" data-testid="product-package-size">2.5 l, $0.30/100ml</p></div></a><div class="css-8keand"></div></div><div class="css-1q5omjq"><div class="css-fcebb8"><div data-testid="atc-compact" class="css-y94ivq" style="width: 45px;"><button type="button" class="chakra-button css-mudsm6" data-testid="atc-button"><svg stroke="currentColor" fill="currentColor" stroke-width="0" viewBox="0 0 24 24" focusable="false" class="chakra-icon css-1g3sp7a" data-testid="btn-icon" aria-hidden="true" height="1em" width="1em" xmlns="http://www.w3.org/2000/svg"><path d="M19 13h-6v6h-2v-6H5v-2h6V5h2v6h6v2z"></path></svg><span class="css-idkz9h">Add Guava-Mango&nbsp;Fruit Juice Cocktail&nbsp;Blend to cart</span></button></div></div></div></div></div></li><li tabindex="-1" class="css-0"><div class="css-f5i5wc"><div class="chakra-linkbox css-vhnn8v"><div data-testid="product-image" class="css-16dr4ly"><img alt="Pearl Milling Company Original Syrup 710 ml, $0.60/100ml" src="https://assets.shop.loblaws.ca/products/21391619/b1/en/front/21391619_front_a01_@2.png" srcset="https://assets.shop.loblaws.ca/products/21391619/b1/en/front/21391619_front_a01_@2.png 1x, https://assets.shop.loblaws.ca/products/21391619/b1/en/front/21391619_front_a01_@2.png 2x" loading="lazy" class="chakra-image css-oguq8l" aria-hidden="true"></div><div class="css-qoklea"><div class="css-12dchmx"></div><div data-testid="price-product-tile" class="css-8atqhb"><p class="chakra-text css-0"><span class="chakra-text css-pwnbcb" data-testid="regular-price"><span class="css-idkz9h">$4.29</span>$4.29</span></p></div><a href="/original-syrup/p/21391619_EA?source=nspt" class="chakra-linkbox__overlay css-1hnz6hu"><div class="css-0"><p class="chakra-text css-1ecdp9w" data-testid="product-brand">Pearl Milling Company</p><h3 class="chakra-heading css-6qrhwc" id="21391619_EA" data-testid="product-title">Original Syrup</h3><p class="chakra-text css-1yftjin" data-testid="product-package-size">710 ml, $0.60/100ml</p></div></a><div class="css-8keand"></div></div><div class="css-1q5omjq"><div class="css-fcebb8"><div data-testid="atc-compact" class="css-y94ivq" style="width: 45px;"><button type="button" class="chakra-button css-mudsm6" data-testid="atc-button"><svg stroke="currentColor" fill="currentColor" stroke-width="0" viewBox="0 0 24 24" focusable="false" class="chakra-icon css-1g3sp7a" data-testid="btn-icon" aria-hidden="true" height="1em" width="1em" xmlns="http://www.w3.org/2000/svg"><path d="M19 13h-6v6h-2v-6H5v-2h6V5h2v6h6v2z"></path></svg><span class="css-idkz9h">Add Original Syrup to cart</span></button></div></div></div></div></div></li><li tabindex="-1" class="css-0"><div class="css-f5i5wc"><div class="chakra-linkbox css-vhnn8v"><div data-testid="product-image" class="css-16dr4ly"><img alt="Heinz Condiment Pack 375 ml, $0.62/100ml" src="https://assets.shop.loblaws.ca/products/20552158/b1/en/front/20552158_front_a01_@2.png" srcset="https://assets.shop.loblaws.ca/products/20552158/b1/en/front/20552158_front_a01_@2.png 1x, https://assets.shop.loblaws.ca/products/20552158/b1/en/front/20552158_front_a01_@2.png 2x" loading="lazy" class="chakra-image css-oguq8l" aria-hidden="true"></div><div class="css-qoklea"><div class="css-12dchmx"></div><div data-testid="price-product-tile" class="css-8atqhb"><p class="chakra-text css-0"><span class="chakra-text css-pwnbcb" data-testid="regular-price"><span class="css-idkz9h">$6.99</span>$6.99</span></p></div><a href="/condiment-pack/p/20552158_EA?source=nspt" class="chakra-linkbox__overlay css-1hnz6hu"><div class="css-0"><p class="chakra-text css-1ecdp9w" data-testid="product-brand">Heinz</p><h3 class="chakra-heading css-6qrhwc" id="20552158_EA" data-testid="product-title">Condiment Pack</h3><p class="chakra-text css-1yftjin" data-testid="product-package-size">375 ml, $0.62/100ml</p></div></a><div class="css-8keand"></div></div><div class="css-1q5omjq"><div class="css-fcebb8"><div data-testid="atc-compact" class="css-y94ivq" style="width: 45px;"><button type="button" class="chakra-button css-mudsm6" data-testid="atc-button"><svg stroke="currentColor" fill="currentColor" stroke-width="0" viewBox="0 0 24 24" focusable="false" class="chakra-icon css-1g3sp7a" data-testid="btn-icon" aria-hidden="true" height="1em" width="1em" xmlns="http://www.w3.org/2000/svg"><path d="M19 13h-6v6h-2v-6H5v-2h6V5h2v6h6v2z"></path></svg><span class="css-idkz9h">Add Condiment Pack to cart</span></button></div></div></div></div></div></li><li tabindex="-1" class="css-0"><div class="css-f5i5wc"><div class="chakra-linkbox css-vhnn8v"><div data-testid="product-image" class="css-16dr4ly"><img alt="President's Choice  Original Lemonade 1.54 l, $0.29/100ml" src="https://assets.shop.loblaws.ca/products/21430542/b1/en/front/21430542_front_a01_@2.png" srcset="https://assets.shop.loblaws.ca/products/21430542/b1/en/front/21430542_front_a01_@2.png 1x, https://assets.shop.loblaws.ca/products/21430542/b1/en/front/21430542_front_a01_@2.png 2x" loading="lazy" class="chakra-image css-oguq8l" aria-hidden="true"></div><div class="css-qoklea"><div class="css-12dchmx"></div><div data-testid="price-product-tile" class="css-8atqhb"><p class="chakra-text css-0"><span class="chakra-text css-pwnbcb" data-testid="regular-price"><span class="css-idkz9h">$4.49</span>$4.49</span></p></div><a href="/original-lemonade/p/21430542_EA?source=nspt" class="chakra-linkbox__overlay css-1hnz6hu"><div class="css-0"><p class="chakra-text css-1ecdp9w" data-testid="product-brand">President's Choice</p><h3 class="chakra-heading css-6qrhwc" id="21430542_EA" data-testid="product-title"> Original Lemonade</h3><p class="chakra-text css-1yftjin" data-testid="product-package-size">1.54 l, $0.29/100ml</p></div></a><div class="css-8keand"></div></div><div class="css-1q5omjq"><div class="css-fcebb8"><div data-testid="atc-compact" class="css-y94ivq" style="width: 45px;"><button type="button" class="chakra-button css-mudsm6" data-testid="atc-button"><svg stroke="currentColor" fill="currentColor" stroke-width="0" viewBox="0 0 24 24" focusable="false" class="chakra-icon css-1g3sp7a" data-testid="btn-icon" aria-hidden="true" height="1em" width="1em" xmlns="http://www.w3.org/2000/svg"><path d="M19 13h-6v6h-2v-6H5v-2h6V5h2v6h6v2z"></path></svg><span class="css-idkz9h">Add  Original Lemonade to cart</span></button></div></div></div></div></div></li><li tabindex="-1" class="css-0"><div class="css-f5i5wc"><div class="chakra-linkbox css-vhnn8v"><div data-testid="product-image" class="css-16dr4ly"><img alt="Clover Leaf Sockeye Salmon      213 g, $2.48/100g" src="https://assets.shop.loblaws.ca/products/21314811/b1/en/front/21314811_front_a01_@2.png" srcset="https://assets.shop.loblaws.ca/products/21314811/b1/en/front/21314811_front_a01_@2.png 1x, https://assets.shop.loblaws.ca/products/21314811/b1/en/front/21314811_front_a01_@2.png 2x" loading="lazy" class="chakra-image css-oguq8l" aria-hidden="true"></div><div class="css-qoklea"><div class="css-12dchmx"></div><div data-testid="price-product-tile" class="css-8atqhb"><p class="chakra-text css-0"><span class="chakra-text css-pwnbcb" data-testid="regular-price"><span class="css-idkz9h">$5.29</span>$5.29</span></p></div><a href="/sockeye-salmon/p/21314811_EA?source=nspt" class="chakra-linkbox__overlay css-1hnz6hu"><div class="css-0"><p class="chakra-text css-1ecdp9w" data-testid="product-brand">Clover Leaf</p><h3 class="chakra-heading css-6qrhwc" id="21314811_EA" data-testid="product-title">Sockeye Salmon     </h3><p class="chakra-text css-1yftjin" data-testid="product-package-size">213 g, $2.48/100g</p></div></a><div class="css-8keand"></div></div><div class="css-1q5omjq"><div class="css-fcebb8"><div data-testid="atc-compact" class="css-y94ivq" style="width: 45px;"><button type="button" class="chakra-button css-mudsm6" data-testid="atc-button"><svg stroke="currentColor" fill="currentColor" stroke-width="0" viewBox="0 0 24 24" focusable="false" class="chakra-icon css-1g3sp7a" data-testid="btn-icon" aria-hidden="true" height="1em" width="1em" xmlns="http://www.w3.org/2000/svg"><path d="M19 13h-6v6h-2v-6H5v-2h6V5h2v6h6v2z"></path></svg><span class="css-idkz9h">Add Sockeye Salmon      to cart</span></button></div></div></div></div></div></li><li tabindex="-1" class="css-0"><div class="css-f5i5wc"><div class="chakra-linkbox css-vhnn8v"><div data-testid="product-image" class="css-16dr4ly"><img alt="Garnier Whole Blends Honey Treasures Shampoo 370 ml, $1.35/100ml" src="https://assets.shop.loblaws.ca/products/20941723/b1/en/front/20941723_front_a01_@2.png" srcset="https://assets.shop.loblaws.ca/products/20941723/b1/en/front/20941723_front_a01_@2.png 1x, https://assets.shop.loblaws.ca/products/20941723/b1/en/front/20941723_front_a01_@2.png 2x" loading="lazy" class="chakra-image css-oguq8l" aria-hidden="true"></div><div class="css-qoklea"><div class="css-12dchmx"></div><div data-testid="price-product-tile" class="css-8atqhb"><p class="chakra-text css-0"><span class="chakra-text css-o93gbd" data-testid="sale-price"><span class="css-idkz9h">$4.99</span>$4.99</span><span class="chakra-text css-623q5h" data-testid="was-price"><span class="css-idkz9h">$6.29</span>$6.29</span></p><p class="chakra-text css-1m5a6y8" data-testid="price-descriptor">SAVE $1.30</p></div><a href="/whole-blends-honey-treasures-shampoo/p/20941723_EA?source=nspt" class="chakra-linkbox__overlay css-1hnz6hu"><div class="css-0"><p class="chakra-text css-1ecdp9w" data-testid="product-brand">Garnier</p><h3 class="chakra-heading css-6qrhwc" id="20941723_EA" data-testid="product-title">Whole Blends Honey Treasures Shampoo</h3><p class="chakra-text css-1yftjin" data-testid="product-package-size">370 ml, $1.35/100ml</p></div></a><div class="css-8keand"></div></div><div class="css-1q5omjq"><div class="css-fcebb8"><div data-testid="atc-compact" class="css-y94ivq" style="width: 45px;"><button type="button" class="chakra-button css-mudsm6" data-testid="atc-button"><svg stroke="currentColor" fill="currentColor" stroke-width="0" viewBox="0 0 24 24" focusable="false" class="chakra-icon css-1g3sp7a" data-testid="btn-icon" aria-hidden="true" height="1em" width="1em" xmlns="http://www.w3.org/2000/svg"><path d="M19 13h-6v6h-2v-6H5v-2h6V5h2v6h6v2z"></path></svg><span class="css-idkz9h">Add Whole Blends Honey Treasures Shampoo to cart</span></button></div></div><div class="css-4saf4a"><p class="chakra-text css-py8788" data-testid="inventory-badge-text">Low Stock</p></div></div></div></div></li><li tabindex="-1" class="css-0"><div class="css-f5i5wc"><div class="chakra-linkbox css-vhnn8v"><div data-testid="product-image" class="css-16dr4ly"><img alt="Banana Boat Ultra Sportclear Sunscreen Spray SPF 30 Value Size 226 g, $5.08/100g" src="https://assets.shop.loblaws.ca/products/21176211/b1/en/front/21176211_front_a01_@2.png" srcset="https://assets.shop.loblaws.ca/products/21176211/b1/en/front/21176211_front_a01_@2.png 1x, https://assets.shop.loblaws.ca/products/21176211/b1/en/front/21176211_front_a01_@2.png 2x" loading="lazy" class="chakra-image css-oguq8l" aria-hidden="true"></div><div class="css-qoklea"><div class="css-12dchmx"></div><div data-testid="price-product-tile" class="css-8atqhb"><p class="chakra-text css-0"><span class="chakra-text css-pwnbcb" data-testid="regular-price"><span class="css-idkz9h">$11.49</span>$11.49</span></p></div><a href="/ultra-sportclear-sunscreen-spray-spf-30-value-size/p/21176211_EA?source=nspt" class="chakra-linkbox__overlay css-1hnz6hu"><div class="css-0"><p class="chakra-text css-1ecdp9w" data-testid="product-brand">Banana Boat</p><h3 class="chakra-heading css-6qrhwc" id="21176211_EA" data-testid="product-title">Ultra Sportclear Sunscreen Spray SPF 30 Value Size</h3><p class="chakra-text css-1yftjin" data-testid="product-package-size">226 g, $5.08/100g</p></div></a><div class="css-8keand"></div></div><div class="css-1q5omjq"><div class="css-fcebb8"><div data-testid="atc-compact" class="css-y94ivq" style="width: 45px;"><button disabled="" type="button" class="chakra-button css-mudsm6" data-testid="atc-button"><svg stroke="currentColor" fill="currentColor" stroke-width="0" viewBox="0 0 24 24" focusable="false" class="chakra-icon css-1g3sp7a" data-testid="btn-icon" aria-hidden="true" height="1em" width="1em" xmlns="http://www.w3.org/2000/svg"><path d="M19 13h-6v6h-2v-6H5v-2h6V5h2v6h6v2z"></path></svg><span class="css-idkz9h">Add Ultra Sportclear Sunscreen Spray SPF 30 Value Size to cart</span></button></div></div><div class="css-4saf4a"><p class="chakra-text css-py8788" data-testid="inventory-badge-text">Out of Stock</p></div></div></div></div></li><li tabindex="-1" class="css-0"><div class="css-f5i5wc"><div class="chakra-linkbox css-vhnn8v"><div data-testid="product-image" class="css-16dr4ly"><img alt="Nutella Hazelnut Spread with Cocoa for Breakfast 725 g, $0.96/100g" src="https://assets.shop.loblaws.ca/products/20436105/b1/en/front/20436105_front_a01_@2.png" srcset="https://assets.shop.loblaws.ca/products/20436105/b1/en/front/20436105_front_a01_@2.png 1x, https://assets.shop.loblaws.ca/products/20436105/b1/en/front/20436105_front_a01_@2.png 2x" loading="lazy" class="chakra-image css-oguq8l" aria-hidden="true"></div><div class="css-qoklea"><div class="css-12dchmx"></div><div data-testid="price-product-tile" class="css-8atqhb"><p class="chakra-text css-0"><span class="chakra-text css-pwnbcb" data-testid="regular-price"><span class="css-idkz9h">$6.99</span>$6.99</span></p></div><a href="/hazelnut-spread-with-cocoa-for-breakfast/p/20436105_EA?source=nspt" class="chakra-linkbox__overlay css-1hnz6hu"><div class="css-0"><p class="chakra-text css-1ecdp9w" data-testid="product-brand">Nutella</p><h3 class="chakra-heading css-6qrhwc" id="20436105_EA" data-testid="product-title">Hazelnut Spread with Cocoa for Breakfast</h3><p class="chakra-text css-1yftjin" data-testid="product-package-size">725 g, $0.96/100g</p></div></a><div class="css-8keand"></div></div><div class="css-1q5omjq"><div class="css-fcebb8"><div data-testid="atc-compact" class="css-y94ivq" style="width: 45px;"><button type="button" class="chakra-button css-mudsm6" data-testid="atc-button"><svg stroke="currentColor" fill="currentColor" stroke-width="0" viewBox="0 0 24 24" focusable="false" class="chakra-icon css-1g3sp7a" data-testid="btn-icon" aria-hidden="true" height="1em" width="1em" xmlns="http://www.w3.org/2000/svg"><path d="M19 13h-6v6h-2v-6H5v-2h6V5h2v6h6v2z"></path></svg><span class="css-idkz9h">Add Hazelnut Spread with Cocoa for Breakfast to cart</span></button></div></div></div></div></div></li><li tabindex="-1" class="css-0"><div class="css-f5i5wc"><div class="chakra-linkbox css-vhnn8v"><div data-testid="product-image" class="css-16dr4ly"><img alt="Pearl Milling Company Complete Original Pancake &amp; Waffle Mix 905 g, $0.47/100g" src="https://assets.shop.loblaws.ca/products/21384609/b1/en/front/21384609_front_a01_@2.png" srcset="https://assets.shop.loblaws.ca/products/21384609/b1/en/front/21384609_front_a01_@2.png 1x, https://assets.shop.loblaws.ca/products/21384609/b1/en/front/21384609_front_a01_@2.png 2x" loading="lazy" class="chakra-image css-oguq8l" aria-hidden="true"></div><div class="css-qoklea"><div class="css-12dchmx"></div><div data-testid="price-product-tile" class="css-8atqhb"><p class="chakra-text css-0"><span class="chakra-text css-pwnbcb" data-testid="regular-price"><span class="css-idkz9h">$4.29</span>$4.29</span></p></div><a href="/complete-original-pancake-waffle-mix/p/21384609_EA?source=nspt" class="chakra-linkbox__overlay css-1hnz6hu"><div class="css-0"><p class="chakra-text css-1ecdp9w" data-testid="product-brand">Pearl Milling Company</p><h3 class="chakra-heading css-6qrhwc" id="21384609_EA" data-testid="product-title">Complete Original Pancake &amp; Waffle Mix</h3><p class="chakra-text css-1yftjin" data-testid="product-package-size">905 g, $0.47/100g</p></div></a><div class="css-8keand"></div></div><div class="css-1q5omjq"><div class="css-fcebb8"><div data-testid="atc-compact" class="css-y94ivq" style="width: 45px;"><button type="button" class="chakra-button css-mudsm6" data-testid="atc-button"><svg stroke="currentColor" fill="currentColor" stroke-width="0" viewBox="0 0 24 24" focusable="false" class="chakra-icon css-1g3sp7a" data-testid="btn-icon" aria-hidden="true" height="1em" width="1em" xmlns="http://www.w3.org/2000/svg"><path d="M19 13h-6v6h-2v-6H5v-2h6V5h2v6h6v2z"></path></svg><span class="css-idkz9h">Add Complete Original Pancake &amp; Waffle Mix to cart</span></button></div></div></div></div></div></li><li tabindex="-1" class="css-0"><div class="css-f5i5wc"><div class="chakra-linkbox css-vhnn8v"><div data-testid="product-image" class="css-16dr4ly"><img alt="Irish Spring Soap, Original Clean Deodorant Bar for Men 3x104.0 g, $1.12/100g" src="https://assets.shop.loblaws.ca/products/21436450/b1/en/front/21436450_front_a01_@2.png" srcset="https://assets.shop.loblaws.ca/products/21436450/b1/en/front/21436450_front_a01_@2.png 1x, https://assets.shop.loblaws.ca/products/21436450/b1/en/front/21436450_front_a01_@2.png 2x" loading="lazy" class="chakra-image css-oguq8l" aria-hidden="true"></div><div class="css-qoklea"><div class="css-12dchmx"></div><div data-testid="price-product-tile" class="css-8atqhb"><p class="chakra-text css-0"><span class="chakra-text css-o93gbd" data-testid="sale-price"><span class="css-idkz9h">$3.49</span>$3.49</span><span class="chakra-text css-623q5h" data-testid="was-price"><span class="css-idkz9h">$4.79</span>$4.79</span></p><p class="chakra-text css-1m5a6y8" data-testid="price-descriptor">SAVE $1.30</p></div><a href="/soap-original-clean-deodorant-bar-for-men/p/21436450_EA?source=nspt" class="chakra-linkbox__overlay css-1hnz6hu"><div class="css-0"><p class="chakra-text css-1ecdp9w" data-testid="product-brand">Irish Spring</p><h3 class="chakra-heading css-6qrhwc" id="21436450_EA" data-testid="product-title">Soap, Original Clean Deodorant Bar for Men</h3><p class="chakra-text css-1yftjin" data-testid="product-package-size">3x104.0 g, $1.12/100g</p></div></a><div class="css-8keand"></div></div><div class="css-1q5omjq"><div class="css-fcebb8"><div data-testid="atc-compact" class="css-y94ivq" style="width: 45px;"><button type="button" class="chakra-button css-mudsm6" data-testid="atc-button"><svg stroke="currentColor" fill="currentColor" stroke-width="0" viewBox="0 0 24 24" focusable="false" class="chakra-icon css-1g3sp7a" data-testid="btn-icon" aria-hidden="true" height="1em" width="1em" xmlns="http://www.w3.org/2000/svg"><path d="M19 13h-6v6h-2v-6H5v-2h6V5h2v6h6v2z"></path></svg><span class="css-idkz9h">Add Soap, Original Clean Deodorant Bar for Men to cart</span></button></div></div></div></div></div></li><li tabindex="-1" class="css-0"><div class="css-f5i5wc"><div class="chakra-linkbox css-vhnn8v"><div data-testid="product-image" class="css-16dr4ly"><img alt="Crest Pro-Health Smooth Formula Toothpaste, Clean Mint Paste 130 ml, $2.68/100ml" src="https://assets.shop.loblaws.ca/products/21041420/b1/en/front/21041420_front_a01_@2.png" srcset="https://assets.shop.loblaws.ca/products/21041420/b1/en/front/21041420_front_a01_@2.png 1x, https://assets.shop.loblaws.ca/products/21041420/b1/en/front/21041420_front_a01_@2.png 2x" loading="lazy" class="chakra-image css-oguq8l" aria-hidden="true"></div><div class="css-qoklea"><div class="css-12dchmx"></div><div data-testid="price-product-tile" class="css-8atqhb"><p class="chakra-text css-0"><span class="chakra-text css-o93gbd" data-testid="sale-price"><span class="css-idkz9h">$3.49</span>$3.49</span><span class="chakra-text css-623q5h" data-testid="was-price"><span class="css-idkz9h">$5.99</span>$5.99</span></p><p class="chakra-text css-1m5a6y8" data-testid="price-descriptor">SAVE $2.50</p></div><a href="/pro-health-smooth-formula-toothpaste-clean-mint-pa/p/21041420_EA?source=nspt" class="chakra-linkbox__overlay css-1hnz6hu"><div class="css-0"><p class="chakra-text css-1ecdp9w" data-testid="product-brand">Crest</p><h3 class="chakra-heading css-6qrhwc" id="21041420_EA" data-testid="product-title">Pro-Health Smooth Formula Toothpaste, Clean Mint Paste</h3><p class="chakra-text css-1yftjin" data-testid="product-package-size">130 ml, $2.68/100ml</p></div></a><div class="css-8keand"></div></div><div class="css-1q5omjq"><div class="css-fcebb8"><div data-testid="atc-compact" class="css-y94ivq" style="width: 45px;"><button type="button" class="chakra-button css-mudsm6" data-testid="atc-button"><svg stroke="currentColor" fill="currentColor" stroke-width="0" viewBox="0 0 24 24" focusable="false" class="chakra-icon css-1g3sp7a" data-testid="btn-icon" aria-hidden="true" height="1em" width="1em" xmlns="http://www.w3.org/2000/svg"><path d="M19 13h-6v6h-2v-6H5v-2h6V5h2v6h6v2z"></path></svg><span class="css-idkz9h">Add Pro-Health Smooth Formula Toothpaste, Clean Mint Paste to cart</span></button></div></div></div></div></div></li><li tabindex="-1" class="css-0"><div class="css-f5i5wc"><div class="chakra-linkbox css-vhnn8v"><div data-testid="product-image" class="css-16dr4ly"><img alt="No Name Mountain Fresh Dryer Sheets Club Size 200 ea, $0.04/1ea" src="https://assets.shop.loblaws.ca/products/20689438001/b1/en/front/20689438001_front_a01_@2.png" srcset="https://assets.shop.loblaws.ca/products/20689438001/b1/en/front/20689438001_front_a01_@2.png 1x, https://assets.shop.loblaws.ca/products/20689438001/b1/en/front/20689438001_front_a01_@2.png 2x" loading="lazy" class="chakra-image css-oguq8l" aria-hidden="true"></div><div class="css-qoklea"><div class="css-12dchmx"></div><div data-testid="price-product-tile" class="css-8atqhb"><p class="chakra-text css-0"><span class="chakra-text css-pwnbcb" data-testid="regular-price"><span class="css-idkz9h">$7.99</span>$7.99</span></p></div><a href="/mountain-fresh-dryer-sheets-club-size/p/20689438001_EA?source=nspt" class="chakra-linkbox__overlay css-1hnz6hu"><div class="css-0"><p class="chakra-text css-1ecdp9w" data-testid="product-brand">No Name</p><h3 class="chakra-heading css-6qrhwc" id="20689438001_EA" data-testid="product-title">Mountain Fresh Dryer Sheets Club Size</h3><p class="chakra-text css-1yftjin" data-testid="product-package-size">200 ea, $0.04/1ea</p></div></a><div class="css-8keand"></div></div><div class="css-1q5omjq"><div class="css-fcebb8"><div data-testid="atc-compact" class="css-y94ivq" style="width: 45px;"><button type="button" class="chakra-button css-mudsm6" data-testid="atc-button"><svg stroke="currentColor" fill="currentColor" stroke-width="0" viewBox="0 0 24 24" focusable="false" class="chakra-icon css-1g3sp7a" data-testid="btn-icon" aria-hidden="true" height="1em" width="1em" xmlns="http://www.w3.org/2000/svg"><path d="M19 13h-6v6h-2v-6H5v-2h6V5h2v6h6v2z"></path></svg><span class="css-idkz9h">Add Mountain Fresh Dryer Sheets Club Size to cart</span></button></div></div></div></div></div></li><li tabindex="-1" class="css-0"><div class="css-f5i5wc"><div class="chakra-linkbox css-vhnn8v"><div data-testid="product-image" class="css-16dr4ly"><img alt="Marcangelo Chicken Souvlaki, Value Pack 480 g, $3.12/100g" src="https://assets.shop.loblaws.ca/products/21041735/b1/en/front/21041735_front_a01_@2.png" srcset="https://assets.shop.loblaws.ca/products/21041735/b1/en/front/21041735_front_a01_@2.png 1x, https://assets.shop.loblaws.ca/products/21041735/b1/en/front/21041735_front_a01_@2.png 2x" loading="lazy" class="chakra-image css-oguq8l" aria-hidden="true"></div><div class="css-qoklea"><div class="css-12dchmx"></div><div data-testid="price-product-tile" class="css-8atqhb"><p class="chakra-text css-0"><span class="chakra-text css-pwnbcb" data-testid="regular-price"><span class="css-idkz9h">$14.99</span>$14.99</span></p></div><a href="/chicken-souvlaki-value-pack/p/21041735_EA?source=nspt" class="chakra-linkbox__overlay css-1hnz6hu"><div class="css-0"><p class="chakra-text css-1ecdp9w" data-testid="product-brand">Marcangelo</p><h3 class="chakra-heading css-6qrhwc" id="21041735_EA" data-testid="product-title">Chicken Souvlaki, Value Pack</h3><p class="chakra-text css-1yftjin" data-testid="product-package-size">480 g, $3.12/100g</p></div></a><div class="css-8keand"></div></div><div class="css-1q5omjq"><div class="css-fcebb8"><div data-testid="atc-compact" class="css-y94ivq" style="width: 45px;"><button type="button" class="chakra-button css-mudsm6" data-testid="atc-button"><svg stroke="currentColor" fill="currentColor" stroke-width="0" viewBox="0 0 24 24" focusable="false" class="chakra-icon css-1g3sp7a" data-testid="btn-icon" aria-hidden="true" height="1em" width="1em" xmlns="http://www.w3.org/2000/svg"><path d="M19 13h-6v6h-2v-6H5v-2h6V5h2v6h6v2z"></path></svg><span class="css-idkz9h">Add Chicken Souvlaki, Value Pack to cart</span></button></div></div></div></div></div></li></ul></div></div><div id=":ro:" class="css-0"> </div></div><div class="chakra-container css-1yvva6b" data-testid="section"><div class="css-147ar3n"><div class="css-2imjyh"></div><div class="css-owofrc"><div class="css-1pzcvyn"><div class="css-1pzcvyn"><h2 class="chakra-heading css-1thmpx" data-testid="heading">Save with no name®</h2></div></div><a class="chakra-link css-jmtsim" data-testid="header-link" href="/collection/no-name?icid=gr_no%20name_productcarousel_2_hp" aria-label="Shop now Save with no name®">Shop now</a></div></div><a class="chakra-link css-14qfziv" href="#:rp:">skip Save with no name®</a><div class="css-10cksfv"><div class="indiana-scroll-container"><ul role="list" class="css-7i2yy7"><li tabindex="-1" class="css-0"><div class="css-f5i5wc"><div class="chakra-linkbox css-vhnn8v"><div data-testid="product-image" class="css-16dr4ly"><img alt="No Name Thin Crust Pizza, Pepperoni 350 g, $0.95/100g" src="https://assets.shop.loblaws.ca/products/21541441/b1/en/front/21541441_front_a01_@2.png" srcset="https://assets.shop.loblaws.ca/products/21541441/b1/en/front/21541441_front_a01_@2.png 1x, https://assets.shop.loblaws.ca/products/21541441/b1/en/front/21541441_front_a01_@2.png 2x" loading="lazy" class="chakra-image css-oguq8l" aria-hidden="true"></div><div class="css-qoklea"><div class="css-12dchmx"></div><div data-testid="price-product-tile" class="css-8atqhb"><p class="chakra-text css-0"><span class="chakra-text css-pwnbcb" data-testid="regular-price"><span class="css-idkz9h">$3.50</span>$3.50</span></p></div><a href="/thin-crust-pizza-pepperoni/p/21541441_EA?source=nspt" class="chakra-linkbox__overlay css-1hnz6hu"><div class="css-0"><p class="chakra-text css-1ecdp9w" data-testid="product-brand">No Name</p><h3 class="chakra-heading css-6qrhwc" id="21541441_EA" data-testid="product-title">Thin Crust Pizza, Pepperoni</h3><p class="chakra-text css-1yftjin" data-testid="product-package-size">350 g, $0.95/100g</p></div></a><div class="css-8keand"></div></div><div class="css-1q5omjq"><div class="css-fcebb8"><div data-testid="atc-compact" class="css-y94ivq" style="width: 45px;"><button type="button" class="chakra-button css-mudsm6" data-testid="atc-button"><svg stroke="currentColor" fill="currentColor" stroke-width="0" viewBox="0 0 24 24" focusable="false" class="chakra-icon css-1g3sp7a" data-testid="btn-icon" aria-hidden="true" height="1em" width="1em" xmlns="http://www.w3.org/2000/svg"><path d="M19 13h-6v6h-2v-6H5v-2h6V5h2v6h6v2z"></path></svg><span class="css-idkz9h">Add Thin Crust Pizza, Pepperoni to cart</span></button></div></div></div></div></div></li><li tabindex="-1" class="css-0"><div class="css-f5i5wc"><div class="chakra-linkbox css-vhnn8v"><div data-testid="product-image" class="css-16dr4ly"><img alt="No Name Regular Potato Chips  200 g, $0.75/100g" src="https://assets.shop.loblaws.ca/products/21302823/b1/en/front/21302823_front_a01_@2.png" srcset="https://assets.shop.loblaws.ca/products/21302823/b1/en/front/21302823_front_a01_@2.png 1x, https://assets.shop.loblaws.ca/products/21302823/b1/en/front/21302823_front_a01_@2.png 2x" loading="lazy" class="chakra-image css-oguq8l" aria-hidden="true"></div><div class="css-qoklea"><div class="css-12dchmx"></div><div data-testid="price-product-tile" class="css-8atqhb"><p class="chakra-text css-0"><span class="chakra-text css-pwnbcb" data-testid="regular-price"><span class="css-idkz9h">$1.49</span>$1.49</span></p></div><a href="/regular-potato-chips/p/21302823_EA?source=nspt" class="chakra-linkbox__overlay css-1hnz6hu"><div class="css-0"><p class="chakra-text css-1ecdp9w" data-testid="product-brand">No Name</p><h3 class="chakra-heading css-6qrhwc" id="21302823_EA" data-testid="product-title">Regular Potato Chips </h3><p class="chakra-text css-1yftjin" data-testid="product-package-size">200 g, $0.75/100g</p></div></a><div class="css-8keand"></div></div><div class="css-1q5omjq"><div class="css-fcebb8"><div data-testid="atc-compact" class="css-y94ivq" style="width: 45px;"><button type="button" class="chakra-button css-mudsm6" data-testid="atc-button"><svg stroke="currentColor" fill="currentColor" stroke-width="0" viewBox="0 0 24 24" focusable="false" class="chakra-icon css-1g3sp7a" data-testid="btn-icon" aria-hidden="true" height="1em" width="1em" xmlns="http://www.w3.org/2000/svg"><path d="M19 13h-6v6h-2v-6H5v-2h6V5h2v6h6v2z"></path></svg><span class="css-idkz9h">Add Regular Potato Chips  to cart</span></button></div></div></div></div></div></li><li tabindex="-1" class="css-0"><div class="css-f5i5wc"><div class="chakra-linkbox css-vhnn8v"><div data-testid="product-image" class="css-16dr4ly"><img alt="No Name Vanilla Ice Cream Sandwiches 24x120.0 ml, $0.35/100ml" src="https://assets.shop.loblaws.ca/products/21013432/b1/en/front/21013432_front_a01_@2.png" srcset="https://assets.shop.loblaws.ca/products/21013432/b1/en/front/21013432_front_a01_@2.png 1x, https://assets.shop.loblaws.ca/products/21013432/b1/en/front/21013432_front_a01_@2.png 2x" loading="lazy" class="chakra-image css-oguq8l" aria-hidden="true"></div><div class="css-qoklea"><div class="css-12dchmx"></div><div data-testid="price-product-tile" class="css-8atqhb"><p class="chakra-text css-0"><span class="chakra-text css-pwnbcb" data-testid="regular-price"><span class="css-idkz9h">$10.00</span>$10.00</span></p></div><a href="/vanilla-ice-cream-sandwiches/p/21013432_EA?source=nspt" class="chakra-linkbox__overlay css-1hnz6hu"><div class="css-0"><p class="chakra-text css-1ecdp9w" data-testid="product-brand">No Name</p><h3 class="chakra-heading css-6qrhwc" id="21013432_EA" data-testid="product-title">Vanilla Ice Cream Sandwiches</h3><p class="chakra-text css-1yftjin" data-testid="product-package-size">24x120.0 ml, $0.35/100ml</p></div></a><div class="css-8keand"></div></div><div class="css-1q5omjq"><div class="css-fcebb8"><div data-testid="atc-compact" class="css-y94ivq" style="width: 45px;"><button type="button" class="chakra-button css-mudsm6" data-testid="atc-button"><svg stroke="currentColor" fill="currentColor" stroke-width="0" viewBox="0 0 24 24" focusable="false" class="chakra-icon css-1g3sp7a" data-testid="btn-icon" aria-hidden="true" height="1em" width="1em" xmlns="http://www.w3.org/2000/svg"><path d="M19 13h-6v6h-2v-6H5v-2h6V5h2v6h6v2z"></path></svg><span class="css-idkz9h">Add Vanilla Ice Cream Sandwiches to cart</span></button></div></div></div></div></div></li><li tabindex="-1" class="css-0"><div class="css-f5i5wc"><div class="chakra-linkbox css-vhnn8v"><div data-testid="product-image" class="css-16dr4ly"><img alt="No Name Naturally Imperfect Sliced Strawberries 400 g, $0.75/100g" src="https://assets.shop.loblaws.ca/products/21545106/b1/en/front/21545106_front_a01_@2.png" srcset="https://assets.shop.loblaws.ca/products/21545106/b1/en/front/21545106_front_a01_@2.png 1x, https://assets.shop.loblaws.ca/products/21545106/b1/en/front/21545106_front_a01_@2.png 2x" loading="lazy" class="chakra-image css-oguq8l" aria-hidden="true"></div><div class="css-qoklea"><div class="css-12dchmx"></div><div data-testid="price-product-tile" class="css-8atqhb"><p class="chakra-text css-0"><span class="chakra-text css-pwnbcb" data-testid="regular-price"><span class="css-idkz9h">$3.00</span>$3.00</span></p></div><a href="/naturally-imperfect-sliced-strawberries/p/21545106_EA?source=nspt" class="chakra-linkbox__overlay css-1hnz6hu"><div class="css-0"><p class="chakra-text css-1ecdp9w" data-testid="product-brand">No Name</p><h3 class="chakra-heading css-6qrhwc" id="21545106_EA" data-testid="product-title">Naturally Imperfect Sliced Strawberries</h3><p class="chakra-text css-1yftjin" data-testid="product-package-size">400 g, $0.75/100g</p></div></a><div class="css-8keand"></div></div><div class="css-1q5omjq"><div class="css-fcebb8"><div data-testid="atc-compact" class="css-y94ivq" style="width: 45px;"><button type="button" class="chakra-button css-mudsm6" data-testid="atc-button"><svg stroke="currentColor" fill="currentColor" stroke-width="0" viewBox="0 0 24 24" focusable="false" class="chakra-icon css-1g3sp7a" data-testid="btn-icon" aria-hidden="true" height="1em" width="1em" xmlns="http://www.w3.org/2000/svg"><path d="M19 13h-6v6h-2v-6H5v-2h6V5h2v6h6v2z"></path></svg><span class="css-idkz9h">Add Naturally Imperfect Sliced Strawberries to cart</span></button></div></div></div></div></div></li><li tabindex="-1" class="css-0"><div class="css-f5i5wc"><div class="chakra-linkbox css-vhnn8v"><div data-testid="product-image" class="css-16dr4ly"><img alt="No Name Naturally Imperfect Cultivated Blueberries 300 g, $1.00/100g" src="https://assets.shop.loblaws.ca/products/21545097/b1/en/front/21545097_front_a01_@2.png" srcset="https://assets.shop.loblaws.ca/products/21545097/b1/en/front/21545097_front_a01_@2.png 1x, https://assets.shop.loblaws.ca/products/21545097/b1/en/front/21545097_front_a01_@2.png 2x" loading="lazy" class="chakra-image css-oguq8l" aria-hidden="true"></div><div class="css-qoklea"><div class="css-12dchmx"></div><div data-testid="price-product-tile" class="css-8atqhb"><p class="chakra-text css-0"><span class="chakra-text css-pwnbcb" data-testid="regular-price"><span class="css-idkz9h">$3.00</span>$3.00</span></p></div><a href="/naturally-imperfect-cultivated-blueberries/p/21545097_EA?source=nspt" class="chakra-linkbox__overlay css-1hnz6hu"><div class="css-0"><p class="chakra-text css-1ecdp9w" data-testid="product-brand">No Name</p><h3 class="chakra-heading css-6qrhwc" id="21545097_EA" data-testid="product-title">Naturally Imperfect Cultivated Blueberries</h3><p class="chakra-text css-1yftjin" data-testid="product-package-size">300 g, $1.00/100g</p></div></a><div class="css-8keand"></div></div><div class="css-1q5omjq"><div class="css-fcebb8"><div data-testid="atc-compact" class="css-y94ivq" style="width: 45px;"><button type="button" class="chakra-button css-mudsm6" data-testid="atc-button"><svg stroke="currentColor" fill="currentColor" stroke-width="0" viewBox="0 0 24 24" focusable="false" class="chakra-icon css-1g3sp7a" data-testid="btn-icon" aria-hidden="true" height="1em" width="1em" xmlns="http://www.w3.org/2000/svg"><path d="M19 13h-6v6h-2v-6H5v-2h6V5h2v6h6v2z"></path></svg><span class="css-idkz9h">Add Naturally Imperfect Cultivated Blueberries to cart</span></button></div></div></div></div></div></li><li tabindex="-1" class="css-0"><div class="css-f5i5wc"><div class="chakra-linkbox css-vhnn8v"><div data-testid="product-image" class="css-16dr4ly"><img alt="No Name Original Waffles  280 g, $0.89/100g" src="https://assets.shop.loblaws.ca/products/20316375001/b1/en/front/20316375001_front_a01_@2.png" srcset="https://assets.shop.loblaws.ca/products/20316375001/b1/en/front/20316375001_front_a01_@2.png 1x, https://assets.shop.loblaws.ca/products/20316375001/b1/en/front/20316375001_front_a01_@2.png 2x" loading="lazy" class="chakra-image css-oguq8l" aria-hidden="true"></div><div class="css-qoklea"><div class="css-12dchmx"></div><div data-testid="price-product-tile" class="css-8atqhb"><p class="chakra-text css-0"><span class="chakra-text css-pwnbcb" data-testid="regular-price"><span class="css-idkz9h">$2.50</span>$2.50</span></p></div><a href="/original-waffles/p/20316375001_EA?source=nspt" class="chakra-linkbox__overlay css-1hnz6hu"><div class="css-0"><p class="chakra-text css-1ecdp9w" data-testid="product-brand">No Name</p><h3 class="chakra-heading css-6qrhwc" id="20316375001_EA" data-testid="product-title">Original Waffles </h3><p class="chakra-text css-1yftjin" data-testid="product-package-size">280 g, $0.89/100g</p></div></a><div class="css-8keand"></div></div><div class="css-1q5omjq"><div class="css-fcebb8"><div data-testid="atc-compact" class="css-y94ivq" style="width: 45px;"><button type="button" class="chakra-button css-mudsm6" data-testid="atc-button"><svg stroke="currentColor" fill="currentColor" stroke-width="0" viewBox="0 0 24 24" focusable="false" class="chakra-icon css-1g3sp7a" data-testid="btn-icon" aria-hidden="true" height="1em" width="1em" xmlns="http://www.w3.org/2000/svg"><path d="M19 13h-6v6h-2v-6H5v-2h6V5h2v6h6v2z"></path></svg><span class="css-idkz9h">Add Original Waffles  to cart</span></button></div></div></div></div></div></li><li tabindex="-1" class="css-0"><div class="css-f5i5wc"><div class="chakra-linkbox css-vhnn8v"><div data-testid="product-image" class="css-16dr4ly"><img alt="No Name Condensed Cream Of Mushroom Soup 284 ml, $0.35/100ml" src="https://assets.shop.loblaws.ca/products/20302431/b1/en/front/20302431_front_a01_@2.png" srcset="https://assets.shop.loblaws.ca/products/20302431/b1/en/front/20302431_front_a01_@2.png 1x, https://assets.shop.loblaws.ca/products/20302431/b1/en/front/20302431_front_a01_@2.png 2x" loading="lazy" class="chakra-image css-oguq8l" aria-hidden="true"></div><div class="css-qoklea"><div class="css-12dchmx"></div><div data-testid="price-product-tile" class="css-8atqhb"><p class="chakra-text css-0"><span class="chakra-text css-pwnbcb" data-testid="regular-price"><span class="css-idkz9h">$0.99</span>$0.99</span></p></div><a href="/condensed-cream-of-mushroom-soup/p/20302431_EA?source=nspt" class="chakra-linkbox__overlay css-1hnz6hu"><div class="css-0"><p class="chakra-text css-1ecdp9w" data-testid="product-brand">No Name</p><h3 class="chakra-heading css-6qrhwc" id="20302431_EA" data-testid="product-title">Condensed Cream Of Mushroom Soup</h3><p class="chakra-text css-1yftjin" data-testid="product-package-size">284 ml, $0.35/100ml</p></div></a><div class="css-8keand"></div></div><div class="css-1q5omjq"><div class="css-fcebb8"><div data-testid="atc-compact" class="css-y94ivq" style="width: 45px;"><button type="button" class="chakra-button css-mudsm6" data-testid="atc-button"><svg stroke="currentColor" fill="currentColor" stroke-width="0" viewBox="0 0 24 24" focusable="false" class="chakra-icon css-1g3sp7a" data-testid="btn-icon" aria-hidden="true" height="1em" width="1em" xmlns="http://www.w3.org/2000/svg"><path d="M19 13h-6v6h-2v-6H5v-2h6V5h2v6h6v2z"></path></svg><span class="css-idkz9h">Add Condensed Cream Of Mushroom Soup to cart</span></button></div></div></div></div></div></li><li tabindex="-1" class="css-0"><div class="css-f5i5wc"><div class="chakra-linkbox css-vhnn8v"><div data-testid="product-image" class="css-16dr4ly"><img alt="No Name Flaked Light Tuna 170 g, $0.58/100g" src="https://assets.shop.loblaws.ca/products/20521648/b1/en/front/20521648_front_a01_@2.png" srcset="https://assets.shop.loblaws.ca/products/20521648/b1/en/front/20521648_front_a01_@2.png 1x, https://assets.shop.loblaws.ca/products/20521648/b1/en/front/20521648_front_a01_@2.png 2x" loading="lazy" class="chakra-image css-oguq8l" aria-hidden="true"></div><div class="css-qoklea"><div class="css-12dchmx"></div><div data-testid="price-product-tile" class="css-8atqhb"><p class="chakra-text css-0"><span class="chakra-text css-pwnbcb" data-testid="regular-price"><span class="css-idkz9h">$0.99</span>$0.99</span></p></div><a href="/flaked-light-tuna/p/20521648_EA?source=nspt" class="chakra-linkbox__overlay css-1hnz6hu"><div class="css-0"><p class="chakra-text css-1ecdp9w" data-testid="product-brand">No Name</p><h3 class="chakra-heading css-6qrhwc" id="20521648_EA" data-testid="product-title">Flaked Light Tuna</h3><p class="chakra-text css-1yftjin" data-testid="product-package-size">170 g, $0.58/100g</p></div></a><div class="css-8keand"></div></div><div class="css-1q5omjq"><div class="css-fcebb8"><div data-testid="atc-compact" class="css-y94ivq" style="width: 45px;"><button type="button" class="chakra-button css-mudsm6" data-testid="atc-button"><svg stroke="currentColor" fill="currentColor" stroke-width="0" viewBox="0 0 24 24" focusable="false" class="chakra-icon css-1g3sp7a" data-testid="btn-icon" aria-hidden="true" height="1em" width="1em" xmlns="http://www.w3.org/2000/svg"><path d="M19 13h-6v6h-2v-6H5v-2h6V5h2v6h6v2z"></path></svg><span class="css-idkz9h">Add Flaked Light Tuna to cart</span></button></div></div></div></div></div></li><li tabindex="-1" class="css-0"><div class="css-f5i5wc"><div class="chakra-linkbox css-vhnn8v"><div data-testid="product-image" class="css-16dr4ly"><img alt="No Name Elbow Macaroni Pasta 900 g, $0.25/100g" src="https://assets.shop.loblaws.ca/products/20315613003/b1/en/front/20315613003_front_a01_@2.png" srcset="https://assets.shop.loblaws.ca/products/20315613003/b1/en/front/20315613003_front_a01_@2.png 1x, https://assets.shop.loblaws.ca/products/20315613003/b1/en/front/20315613003_front_a01_@2.png 2x" loading="lazy" class="chakra-image css-oguq8l" aria-hidden="true"></div><div class="css-qoklea"><div class="css-12dchmx"></div><div data-testid="price-product-tile" class="css-8atqhb"><p class="chakra-text css-0"><span class="chakra-text css-pwnbcb" data-testid="regular-price"><span class="css-idkz9h">$2.29</span>$2.29</span></p></div><a href="/elbow-macaroni-pasta/p/20315613003_EA?source=nspt" class="chakra-linkbox__overlay css-1hnz6hu"><div class="css-0"><p class="chakra-text css-1ecdp9w" data-testid="product-brand">No Name</p><h3 class="chakra-heading css-6qrhwc" id="20315613003_EA" data-testid="product-title">Elbow Macaroni Pasta</h3><p class="chakra-text css-1yftjin" data-testid="product-package-size">900 g, $0.25/100g</p></div></a><div class="css-8keand"></div></div><div class="css-1q5omjq"><div class="css-fcebb8"><div data-testid="atc-compact" class="css-y94ivq" style="width: 45px;"><button type="button" class="chakra-button css-mudsm6" data-testid="atc-button"><svg stroke="currentColor" fill="currentColor" stroke-width="0" viewBox="0 0 24 24" focusable="false" class="chakra-icon css-1g3sp7a" data-testid="btn-icon" aria-hidden="true" height="1em" width="1em" xmlns="http://www.w3.org/2000/svg"><path d="M19 13h-6v6h-2v-6H5v-2h6V5h2v6h6v2z"></path></svg><span class="css-idkz9h">Add Elbow Macaroni Pasta to cart</span></button></div></div></div></div></div></li><li tabindex="-1" class="css-0"><div class="css-f5i5wc"><div class="chakra-linkbox css-vhnn8v"><div data-testid="product-image" class="css-16dr4ly"><img alt="No Name Green Peas 750 g, $0.35/100g" src="https://assets.shop.loblaws.ca/products/20312260/b1/en/front/20312260_front_a01_@2.png" srcset="https://assets.shop.loblaws.ca/products/20312260/b1/en/front/20312260_front_a01_@2.png 1x, https://assets.shop.loblaws.ca/products/20312260/b1/en/front/20312260_front_a01_@2.png 2x" loading="lazy" class="chakra-image css-oguq8l" aria-hidden="true"></div><div class="css-qoklea"><div class="css-12dchmx"></div><div data-testid="price-product-tile" class="css-8atqhb"><p class="chakra-text css-0"><span class="chakra-text css-pwnbcb" data-testid="regular-price"><span class="css-idkz9h">$2.59</span>$2.59</span></p></div><a href="/green-peas/p/20312260_EA?source=nspt" class="chakra-linkbox__overlay css-1hnz6hu"><div class="css-0"><p class="chakra-text css-1ecdp9w" data-testid="product-brand">No Name</p><h3 class="chakra-heading css-6qrhwc" id="20312260_EA" data-testid="product-title">Green Peas</h3><p class="chakra-text css-1yftjin" data-testid="product-package-size">750 g, $0.35/100g</p></div></a><div class="css-8keand"></div></div><div class="css-1q5omjq"><div class="css-fcebb8"><div data-testid="atc-compact" class="css-y94ivq" style="width: 45px;"><button type="button" class="chakra-button css-mudsm6" data-testid="atc-button"><svg stroke="currentColor" fill="currentColor" stroke-width="0" viewBox="0 0 24 24" focusable="false" class="chakra-icon css-1g3sp7a" data-testid="btn-icon" aria-hidden="true" height="1em" width="1em" xmlns="http://www.w3.org/2000/svg"><path d="M19 13h-6v6h-2v-6H5v-2h6V5h2v6h6v2z"></path></svg><span class="css-idkz9h">Add Green Peas to cart</span></button></div></div></div></div></div></li><li tabindex="-1" class="css-0"><div class="css-f5i5wc"><div class="chakra-linkbox css-vhnn8v"><div data-testid="product-image" class="css-16dr4ly"><img alt="No Name Salt &amp; Pepper Chicken Wings 908 g, $1.32/100g" src="https://assets.shop.loblaws.ca/products/21045309/b1/en/front/21045309_front_a01_@2.png" srcset="https://assets.shop.loblaws.ca/products/21045309/b1/en/front/21045309_front_a01_@2.png 1x, https://assets.shop.loblaws.ca/products/21045309/b1/en/front/21045309_front_a01_@2.png 2x" loading="lazy" class="chakra-image css-oguq8l" aria-hidden="true"></div><div class="css-qoklea"><div class="css-12dchmx"></div><div data-testid="price-product-tile" class="css-8atqhb"><p class="chakra-text css-0"><span class="chakra-text css-o93gbd" data-testid="sale-price"><span class="css-idkz9h">$12.00</span>$12.00</span><span class="chakra-text css-623q5h" data-testid="was-price"><span class="css-idkz9h">$12.99</span>$12.99</span></p><p class="chakra-text css-1m5a6y8" data-testid="price-descriptor">SAVE $0.99</p></div><a href="/salt-pepper-chicken-wings/p/21045309_EA?source=nspt" class="chakra-linkbox__overlay css-1hnz6hu"><div class="css-0"><p class="chakra-text css-1ecdp9w" data-testid="product-brand">No Name</p><h3 class="chakra-heading css-6qrhwc" id="21045309_EA" data-testid="product-title">Salt &amp; Pepper Chicken Wings</h3><p class="chakra-text css-1yftjin" data-testid="product-package-size">908 g, $1.32/100g</p></div></a><div class="css-8keand"></div></div><div class="css-1q5omjq"><div class="css-fcebb8"><div data-testid="atc-compact" class="css-y94ivq" style="width: 45px;"><button type="button" class="chakra-button css-mudsm6" data-testid="atc-button"><svg stroke="currentColor" fill="currentColor" stroke-width="0" viewBox="0 0 24 24" focusable="false" class="chakra-icon css-1g3sp7a" data-testid="btn-icon" aria-hidden="true" height="1em" width="1em" xmlns="http://www.w3.org/2000/svg"><path d="M19 13h-6v6h-2v-6H5v-2h6V5h2v6h6v2z"></path></svg><span class="css-idkz9h">Add Salt &amp; Pepper Chicken Wings to cart</span></button></div></div></div></div></div></li><li tabindex="-1" class="css-0"><div class="css-f5i5wc"><div class="chakra-linkbox css-vhnn8v"><div data-testid="product-image" class="css-16dr4ly"><img alt="No Name Strawberry Jam With Pectin 500 ml, $0.76/100ml" src="https://assets.shop.loblaws.ca/products/20032552001/b1/en/front/20032552001_front_a01_@2.png" srcset="https://assets.shop.loblaws.ca/products/20032552001/b1/en/front/20032552001_front_a01_@2.png 1x, https://assets.shop.loblaws.ca/products/20032552001/b1/en/front/20032552001_front_a01_@2.png 2x" loading="lazy" class="chakra-image css-oguq8l" aria-hidden="true"></div><div class="css-qoklea"><div class="css-12dchmx"></div><div data-testid="price-product-tile" class="css-8atqhb"><p class="chakra-text css-0"><span class="chakra-text css-pwnbcb" data-testid="regular-price"><span class="css-idkz9h">$3.79</span>$3.79</span></p></div><a href="/strawberry-jam-with-pectin/p/20032552001_EA?source=nspt" class="chakra-linkbox__overlay css-1hnz6hu"><div class="css-0"><p class="chakra-text css-1ecdp9w" data-testid="product-brand">No Name</p><h3 class="chakra-heading css-6qrhwc" id="20032552001_EA" data-testid="product-title">Strawberry Jam With Pectin</h3><p class="chakra-text css-1yftjin" data-testid="product-package-size">500 ml, $0.76/100ml</p></div></a><div class="css-8keand"></div></div><div class="css-1q5omjq"><div class="css-fcebb8"><div data-testid="atc-compact" class="css-y94ivq" style="width: 45px;"><button type="button" class="chakra-button css-mudsm6" data-testid="atc-button"><svg stroke="currentColor" fill="currentColor" stroke-width="0" viewBox="0 0 24 24" focusable="false" class="chakra-icon css-1g3sp7a" data-testid="btn-icon" aria-hidden="true" height="1em" width="1em" xmlns="http://www.w3.org/2000/svg"><path d="M19 13h-6v6h-2v-6H5v-2h6V5h2v6h6v2z"></path></svg><span class="css-idkz9h">Add Strawberry Jam With Pectin to cart</span></button></div></div></div></div></div></li><li tabindex="-1" class="css-0"><div class="css-f5i5wc"><div class="chakra-linkbox css-vhnn8v"><div data-testid="product-image" class="css-16dr4ly"><img alt="No Name Spaghetti Pasta 900 g, $0.25/100g" src="https://assets.shop.loblaws.ca/products/20315613002/b1/en/front/20315613002_front_a01_@2.png" srcset="https://assets.shop.loblaws.ca/products/20315613002/b1/en/front/20315613002_front_a01_@2.png 1x, https://assets.shop.loblaws.ca/products/20315613002/b1/en/front/20315613002_front_a01_@2.png 2x" loading="lazy" class="chakra-image css-oguq8l" aria-hidden="true"></div><div class="css-qoklea"><div class="css-12dchmx"></div><div data-testid="price-product-tile" class="css-8atqhb"><p class="chakra-text css-0"><span class="chakra-text css-pwnbcb" data-testid="regular-price"><span class="css-idkz9h">$2.29</span>$2.29</span></p></div><a href="/spaghetti-pasta/p/20315613002_EA?source=nspt" class="chakra-linkbox__overlay css-1hnz6hu"><div class="css-0"><p class="chakra-text css-1ecdp9w" data-testid="product-brand">No Name</p><h3 class="chakra-heading css-6qrhwc" id="20315613002_EA" data-testid="product-title">Spaghetti Pasta</h3><p class="chakra-text css-1yftjin" data-testid="product-package-size">900 g, $0.25/100g</p></div></a><div class="css-8keand"></div></div><div class="css-1q5omjq"><div class="css-fcebb8"><div data-testid="atc-compact" class="css-y94ivq" style="width: 45px;"><button type="button" class="chakra-button css-mudsm6" data-testid="atc-button"><svg stroke="currentColor" fill="currentColor" stroke-width="0" viewBox="0 0 24 24" focusable="false" class="chakra-icon css-1g3sp7a" data-testid="btn-icon" aria-hidden="true" height="1em" width="1em" xmlns="http://www.w3.org/2000/svg"><path d="M19 13h-6v6h-2v-6H5v-2h6V5h2v6h6v2z"></path></svg><span class="css-idkz9h">Add Spaghetti Pasta to cart</span></button></div></div></div></div></div></li><li tabindex="-1" class="css-0"><div class="css-f5i5wc"><div class="chakra-linkbox css-vhnn8v"><div data-testid="product-image" class="css-16dr4ly"><img alt="No Name Farmer's Marble Cheese 700 g, $1.14/100g" src="https://assets.shop.loblaws.ca/products/20975773/b1/en/front/20975773_front_a01_@2.png" srcset="https://assets.shop.loblaws.ca/products/20975773/b1/en/front/20975773_front_a01_@2.png 1x, https://assets.shop.loblaws.ca/products/20975773/b1/en/front/20975773_front_a01_@2.png 2x" loading="lazy" class="chakra-image css-oguq8l" aria-hidden="true"></div><div class="css-qoklea"><div class="css-12dchmx"></div><div data-testid="price-product-tile" class="css-8atqhb"><p class="chakra-text css-0"><span class="chakra-text css-pwnbcb" data-testid="regular-price"><span class="css-idkz9h">$7.99</span>$7.99</span></p></div><a href="/farmer-s-marble-cheese/p/20975773_EA?source=nspt" class="chakra-linkbox__overlay css-1hnz6hu"><div class="css-0"><p class="chakra-text css-1ecdp9w" data-testid="product-brand">No Name</p><h3 class="chakra-heading css-6qrhwc" id="20975773_EA" data-testid="product-title">Farmer's Marble Cheese</h3><p class="chakra-text css-1yftjin" data-testid="product-package-size">700 g, $1.14/100g</p></div></a><div class="css-8keand"></div></div><div class="css-1q5omjq"><div class="css-fcebb8"><div data-testid="atc-compact" class="css-y94ivq" style="width: 45px;"><button type="button" class="chakra-button css-mudsm6" data-testid="atc-button"><svg stroke="currentColor" fill="currentColor" stroke-width="0" viewBox="0 0 24 24" focusable="false" class="chakra-icon css-1g3sp7a" data-testid="btn-icon" aria-hidden="true" height="1em" width="1em" xmlns="http://www.w3.org/2000/svg"><path d="M19 13h-6v6h-2v-6H5v-2h6V5h2v6h6v2z"></path></svg><span class="css-idkz9h">Add Farmer's Marble Cheese to cart</span></button></div></div></div></div></div></li><li tabindex="-1" class="css-0"><div class="css-f5i5wc"><div class="chakra-linkbox css-vhnn8v"><div data-testid="product-image" class="css-16dr4ly"><img alt="No Name Original English Muffins 390 g, $0.68/100g" src="https://assets.shop.loblaws.ca/products/21313119/b1/en/front/21313119_front_a01_@2.png" srcset="https://assets.shop.loblaws.ca/products/21313119/b1/en/front/21313119_front_a01_@2.png 1x, https://assets.shop.loblaws.ca/products/21313119/b1/en/front/21313119_front_a01_@2.png 2x" loading="lazy" class="chakra-image css-oguq8l" aria-hidden="true"></div><div class="css-qoklea"><div class="css-12dchmx"></div><div data-testid="price-product-tile" class="css-8atqhb"><p class="chakra-text css-0"><span class="chakra-text css-pwnbcb" data-testid="regular-price"><span class="css-idkz9h">$2.67</span>$2.67</span></p></div><a href="/original-english-muffins/p/21313119_EA?source=nspt" class="chakra-linkbox__overlay css-1hnz6hu"><div class="css-0"><p class="chakra-text css-1ecdp9w" data-testid="product-brand">No Name</p><h3 class="chakra-heading css-6qrhwc" id="21313119_EA" data-testid="product-title">Original English Muffins</h3><p class="chakra-text css-1yftjin" data-testid="product-package-size">390 g, $0.68/100g</p></div></a><div class="css-8keand"></div></div><div class="css-1q5omjq"><div class="css-fcebb8"><div data-testid="atc-compact" class="css-y94ivq" style="width: 45px;"><button type="button" class="chakra-button css-mudsm6" data-testid="atc-button"><svg stroke="currentColor" fill="currentColor" stroke-width="0" viewBox="0 0 24 24" focusable="false" class="chakra-icon css-1g3sp7a" data-testid="btn-icon" aria-hidden="true" height="1em" width="1em" xmlns="http://www.w3.org/2000/svg"><path d="M19 13h-6v6h-2v-6H5v-2h6V5h2v6h6v2z"></path></svg><span class="css-idkz9h">Add Original English Muffins to cart</span></button></div></div></div></div></div></li><li tabindex="-1" class="css-0"><div class="css-f5i5wc"><div class="chakra-linkbox css-vhnn8v"><div data-testid="product-image" class="css-16dr4ly"><img alt="No Name Dipped Chocolate Chip Granola Bars 156 g, $1.28/100g" src="https://assets.shop.loblaws.ca/products/20915354/b1/en/front/20915354_front_a01_@2.png" srcset="https://assets.shop.loblaws.ca/products/20915354/b1/en/front/20915354_front_a01_@2.png 1x, https://assets.shop.loblaws.ca/products/20915354/b1/en/front/20915354_front_a01_@2.png 2x" loading="lazy" class="chakra-image css-oguq8l" aria-hidden="true"></div><div class="css-qoklea"><div class="css-12dchmx"></div><div data-testid="price-product-tile" class="css-8atqhb"><p class="chakra-text css-0"><span class="chakra-text css-pwnbcb" data-testid="regular-price"><span class="css-idkz9h">$1.99</span>$1.99</span></p></div><a href="/dipped-chocolate-chip-granola-bars/p/20915354_EA?source=nspt" class="chakra-linkbox__overlay css-1hnz6hu"><div class="css-0"><p class="chakra-text css-1ecdp9w" data-testid="product-brand">No Name</p><h3 class="chakra-heading css-6qrhwc" id="20915354_EA" data-testid="product-title">Dipped Chocolate Chip Granola Bars</h3><p class="chakra-text css-1yftjin" data-testid="product-package-size">156 g, $1.28/100g</p></div></a><div class="css-8keand"></div></div><div class="css-1q5omjq"><div class="css-fcebb8"><div data-testid="atc-compact" class="css-y94ivq" style="width: 45px;"><button type="button" class="chakra-button css-mudsm6" data-testid="atc-button"><svg stroke="currentColor" fill="currentColor" stroke-width="0" viewBox="0 0 24 24" focusable="false" class="chakra-icon css-1g3sp7a" data-testid="btn-icon" aria-hidden="true" height="1em" width="1em" xmlns="http://www.w3.org/2000/svg"><path d="M19 13h-6v6h-2v-6H5v-2h6V5h2v6h6v2z"></path></svg><span class="css-idkz9h">Add Dipped Chocolate Chip Granola Bars to cart</span></button></div></div></div></div></div></li><li tabindex="-1" class="css-0"><div class="css-f5i5wc"><div class="chakra-linkbox css-vhnn8v"><div data-testid="product-image" class="css-16dr4ly"><img alt="No Name Smooth Peanut Butter 1 kg, $0.43/100g" src="https://assets.shop.loblaws.ca/products/20296985001/b1/en/front/20296985001_front_a01_@2.png" srcset="https://assets.shop.loblaws.ca/products/20296985001/b1/en/front/20296985001_front_a01_@2.png 1x, https://assets.shop.loblaws.ca/products/20296985001/b1/en/front/20296985001_front_a01_@2.png 2x" loading="lazy" class="chakra-image css-oguq8l" aria-hidden="true"></div><div class="css-qoklea"><div class="css-12dchmx"></div><div data-testid="price-product-tile" class="css-8atqhb"><p class="chakra-text css-0"><span class="chakra-text css-o93gbd" data-testid="sale-price"><span class="css-idkz9h">$4.29</span>$4.29</span><span class="chakra-text css-623q5h" data-testid="was-price"><span class="css-idkz9h">$4.89</span>$4.89</span></p><p class="chakra-text css-1m5a6y8" data-testid="price-descriptor">SAVE $0.60</p></div><a href="/smooth-peanut-butter/p/20296985001_EA?source=nspt" class="chakra-linkbox__overlay css-1hnz6hu"><div class="css-0"><p class="chakra-text css-1ecdp9w" data-testid="product-brand">No Name</p><h3 class="chakra-heading css-6qrhwc" id="20296985001_EA" data-testid="product-title">Smooth Peanut Butter</h3><p class="chakra-text css-1yftjin" data-testid="product-package-size">1 kg, $0.43/100g</p></div></a><div class="css-8keand"></div></div><div class="css-1q5omjq"><div class="css-fcebb8"><div data-testid="atc-compact" class="css-y94ivq" style="width: 45px;"><button type="button" class="chakra-button css-mudsm6" data-testid="atc-button"><svg stroke="currentColor" fill="currentColor" stroke-width="0" viewBox="0 0 24 24" focusable="false" class="chakra-icon css-1g3sp7a" data-testid="btn-icon" aria-hidden="true" height="1em" width="1em" xmlns="http://www.w3.org/2000/svg"><path d="M19 13h-6v6h-2v-6H5v-2h6V5h2v6h6v2z"></path></svg><span class="css-idkz9h">Add Smooth Peanut Butter to cart</span></button></div></div></div></div></div></li><li tabindex="-1" class="css-0"><div class="css-f5i5wc"><div class="chakra-linkbox css-vhnn8v"><div data-testid="product-image" class="css-16dr4ly"><img alt="No Name Regular Garbage Bags 40 ea, $0.22/1ea" src="https://assets.shop.loblaws.ca/products/21116660/b1/en/front/21116660_front_a01_@2.png" srcset="https://assets.shop.loblaws.ca/products/21116660/b1/en/front/21116660_front_a01_@2.png 1x, https://assets.shop.loblaws.ca/products/21116660/b1/en/front/21116660_front_a01_@2.png 2x" loading="lazy" class="chakra-image css-oguq8l" aria-hidden="true"></div><div class="css-qoklea"><div class="css-12dchmx"></div><div data-testid="price-product-tile" class="css-8atqhb"><p class="chakra-text css-0"><span class="chakra-text css-pwnbcb" data-testid="regular-price"><span class="css-idkz9h">$8.99</span>$8.99</span></p></div><a href="/regular-garbage-bags/p/21116660_EA?source=nspt" class="chakra-linkbox__overlay css-1hnz6hu"><div class="css-0"><p class="chakra-text css-1ecdp9w" data-testid="product-brand">No Name</p><h3 class="chakra-heading css-6qrhwc" id="21116660_EA" data-testid="product-title">Regular Garbage Bags</h3><p class="chakra-text css-1yftjin" data-testid="product-package-size">40 ea, $0.22/1ea</p></div></a><div class="css-8keand"></div></div><div class="css-1q5omjq"><div class="css-fcebb8"><div data-testid="atc-compact" class="css-y94ivq" style="width: 45px;"><button type="button" class="chakra-button css-mudsm6" data-testid="atc-button"><svg stroke="currentColor" fill="currentColor" stroke-width="0" viewBox="0 0 24 24" focusable="false" class="chakra-icon css-1g3sp7a" data-testid="btn-icon" aria-hidden="true" height="1em" width="1em" xmlns="http://www.w3.org/2000/svg"><path d="M19 13h-6v6h-2v-6H5v-2h6V5h2v6h6v2z"></path></svg><span class="css-idkz9h">Add Regular Garbage Bags to cart</span></button></div></div></div></div></div></li><li tabindex="-1" class="css-0"><div class="css-f5i5wc"><div class="chakra-linkbox css-vhnn8v"><div data-testid="product-image" class="css-16dr4ly"><img alt="No Name Chunk Light Tuna 170 g, $0.58/100g" src="https://assets.shop.loblaws.ca/products/20521647/b1/en/front/20521647_front_a01_@2.png" srcset="https://assets.shop.loblaws.ca/products/20521647/b1/en/front/20521647_front_a01_@2.png 1x, https://assets.shop.loblaws.ca/products/20521647/b1/en/front/20521647_front_a01_@2.png 2x" loading="lazy" class="chakra-image css-oguq8l" aria-hidden="true"></div><div class="css-qoklea"><div class="css-12dchmx"></div><div data-testid="price-product-tile" class="css-8atqhb"><p class="chakra-text css-0"><span class="chakra-text css-pwnbcb" data-testid="regular-price"><span class="css-idkz9h">$0.99</span>$0.99</span></p></div><a href="/chunk-light-tuna/p/20521647_EA?source=nspt" class="chakra-linkbox__overlay css-1hnz6hu"><div class="css-0"><p class="chakra-text css-1ecdp9w" data-testid="product-brand">No Name</p><h3 class="chakra-heading css-6qrhwc" id="20521647_EA" data-testid="product-title">Chunk Light Tuna</h3><p class="chakra-text css-1yftjin" data-testid="product-package-size">170 g, $0.58/100g</p></div></a><div class="css-8keand"></div></div><div class="css-1q5omjq"><div class="css-fcebb8"><div data-testid="atc-compact" class="css-y94ivq" style="width: 45px;"><button type="button" class="chakra-button css-mudsm6" data-testid="atc-button"><svg stroke="currentColor" fill="currentColor" stroke-width="0" viewBox="0 0 24 24" focusable="false" class="chakra-icon css-1g3sp7a" data-testid="btn-icon" aria-hidden="true" height="1em" width="1em" xmlns="http://www.w3.org/2000/svg"><path d="M19 13h-6v6h-2v-6H5v-2h6V5h2v6h6v2z"></path></svg><span class="css-idkz9h">Add Chunk Light Tuna to cart</span></button></div></div></div></div></div></li><li tabindex="-1" class="css-0"><div class="css-f5i5wc"><div class="chakra-linkbox css-vhnn8v"><div data-testid="product-image" class="css-16dr4ly"><img alt="No Name Cheese Sticks Stringable Marble 588 g, $1.87/100g" src="https://assets.shop.loblaws.ca/products/20764568/b1/en/front/20764568_front_a01_@2.png" srcset="https://assets.shop.loblaws.ca/products/20764568/b1/en/front/20764568_front_a01_@2.png 1x, https://assets.shop.loblaws.ca/products/20764568/b1/en/front/20764568_front_a01_@2.png 2x" loading="lazy" class="chakra-image css-oguq8l" aria-hidden="true"></div><div class="css-qoklea"><div class="css-12dchmx"></div><div data-testid="price-product-tile" class="css-8atqhb"><p class="chakra-text css-0"><span class="chakra-text css-pwnbcb" data-testid="regular-price"><span class="css-idkz9h">$10.99</span>$10.99</span></p></div><a href="/cheese-sticks-stringable-marble/p/20764568_EA?source=nspt" class="chakra-linkbox__overlay css-1hnz6hu"><div class="css-0"><p class="chakra-text css-1ecdp9w" data-testid="product-brand">No Name</p><h3 class="chakra-heading css-6qrhwc" id="20764568_EA" data-testid="product-title">Cheese Sticks Stringable Marble</h3><p class="chakra-text css-1yftjin" data-testid="product-package-size">588 g, $1.87/100g</p></div></a><div class="css-8keand"></div></div><div class="css-1q5omjq"><div class="css-fcebb8"><div data-testid="atc-compact" class="css-y94ivq" style="width: 45px;"><button type="button" class="chakra-button css-mudsm6" data-testid="atc-button"><svg stroke="currentColor" fill="currentColor" stroke-width="0" viewBox="0 0 24 24" focusable="false" class="chakra-icon css-1g3sp7a" data-testid="btn-icon" aria-hidden="true" height="1em" width="1em" xmlns="http://www.w3.org/2000/svg"><path d="M19 13h-6v6h-2v-6H5v-2h6V5h2v6h6v2z"></path></svg><span class="css-idkz9h">Add Cheese Sticks Stringable Marble to cart</span></button></div></div></div></div></div></li><li tabindex="-1" class="css-0"><div class="css-f5i5wc"><div class="chakra-linkbox css-vhnn8v"><div data-testid="product-image" class="css-16dr4ly"><img alt="No Name Shredded Cheddar &amp; Monterey Jack Cheese Blend 900 g, $1.72/100g" src="https://assets.shop.loblaws.ca/products/20309769/b1/en/front/20309769_front_a01_@2.png" srcset="https://assets.shop.loblaws.ca/products/20309769/b1/en/front/20309769_front_a01_@2.png 1x, https://assets.shop.loblaws.ca/products/20309769/b1/en/front/20309769_front_a01_@2.png 2x" loading="lazy" class="chakra-image css-oguq8l" aria-hidden="true"></div><div class="css-qoklea"><div class="css-12dchmx"></div><div data-testid="price-product-tile" class="css-8atqhb"><p class="chakra-text css-0"><span class="chakra-text css-pwnbcb" data-testid="regular-price"><span class="css-idkz9h">$15.49</span>$15.49</span></p></div><a href="/shredded-cheddar-monterey-jack-cheese-blend/p/20309769_EA?source=nspt" class="chakra-linkbox__overlay css-1hnz6hu"><div class="css-0"><p class="chakra-text css-1ecdp9w" data-testid="product-brand">No Name</p><h3 class="chakra-heading css-6qrhwc" id="20309769_EA" data-testid="product-title">Shredded Cheddar &amp; Monterey Jack Cheese Blend</h3><p class="chakra-text css-1yftjin" data-testid="product-package-size">900 g, $1.72/100g</p></div></a><div class="css-8keand"></div></div><div class="css-1q5omjq"><div class="css-fcebb8"><div data-testid="atc-compact" class="css-y94ivq" style="width: 45px;"><button type="button" class="chakra-button css-mudsm6" data-testid="atc-button"><svg stroke="currentColor" fill="currentColor" stroke-width="0" viewBox="0 0 24 24" focusable="false" class="chakra-icon css-1g3sp7a" data-testid="btn-icon" aria-hidden="true" height="1em" width="1em" xmlns="http://www.w3.org/2000/svg"><path d="M19 13h-6v6h-2v-6H5v-2h6V5h2v6h6v2z"></path></svg><span class="css-idkz9h">Add Shredded Cheddar &amp; Monterey Jack Cheese Blend to cart</span></button></div></div></div></div></div></li><li tabindex="-1" class="css-0"><div class="css-f5i5wc"><div class="chakra-linkbox css-vhnn8v"><div data-testid="product-image" class="css-16dr4ly"><img alt="No Name Medium Cheddar Cheese Slices 230 g, $1.96/100g" src="https://assets.shop.loblaws.ca/products/20742451/b1/en/front/20742451_front_a01_@2.png" srcset="https://assets.shop.loblaws.ca/products/20742451/b1/en/front/20742451_front_a01_@2.png 1x, https://assets.shop.loblaws.ca/products/20742451/b1/en/front/20742451_front_a01_@2.png 2x" loading="lazy" class="chakra-image css-oguq8l" aria-hidden="true"></div><div class="css-qoklea"><div class="css-12dchmx"></div><div data-testid="price-product-tile" class="css-8atqhb"><p class="chakra-text css-0"><span class="chakra-text css-pwnbcb" data-testid="regular-price"><span class="css-idkz9h">$4.50</span>$4.50</span></p></div><a href="/medium-cheddar-cheese-slices/p/20742451_EA?source=nspt" class="chakra-linkbox__overlay css-1hnz6hu"><div class="css-0"><p class="chakra-text css-1ecdp9w" data-testid="product-brand">No Name</p><h3 class="chakra-heading css-6qrhwc" id="20742451_EA" data-testid="product-title">Medium Cheddar Cheese Slices</h3><p class="chakra-text css-1yftjin" data-testid="product-package-size">230 g, $1.96/100g</p></div></a><div class="css-8keand"></div></div><div class="css-1q5omjq"><div class="css-fcebb8"><div data-testid="atc-compact" class="css-y94ivq" style="width: 45px;"><button type="button" class="chakra-button css-mudsm6" data-testid="atc-button"><svg stroke="currentColor" fill="currentColor" stroke-width="0" viewBox="0 0 24 24" focusable="false" class="chakra-icon css-1g3sp7a" data-testid="btn-icon" aria-hidden="true" height="1em" width="1em" xmlns="http://www.w3.org/2000/svg"><path d="M19 13h-6v6h-2v-6H5v-2h6V5h2v6h6v2z"></path></svg><span class="css-idkz9h">Add Medium Cheddar Cheese Slices to cart</span></button></div></div></div></div></div></li><li tabindex="-1" class="css-0"><div class="css-f5i5wc"><div class="chakra-linkbox css-vhnn8v"><div data-testid="product-image" class="css-16dr4ly"><img alt="No Name Pepperoni Pizzas 1660 g, $0.78/100g" src="https://assets.shop.loblaws.ca/products/21030561/b1/en/front/21030561_front_a01_@2.png" srcset="https://assets.shop.loblaws.ca/products/21030561/b1/en/front/21030561_front_a01_@2.png 1x, https://assets.shop.loblaws.ca/products/21030561/b1/en/front/21030561_front_a01_@2.png 2x" loading="lazy" class="chakra-image css-oguq8l" aria-hidden="true"></div><div class="css-qoklea"><div class="css-12dchmx"></div><div data-testid="price-product-tile" class="css-8atqhb"><p class="chakra-text css-0"><span class="chakra-text css-pwnbcb" data-testid="regular-price"><span class="css-idkz9h">$12.99</span>$12.99</span></p></div><a href="/pepperoni-pizzas/p/21030561_EA?source=nspt" class="chakra-linkbox__overlay css-1hnz6hu"><div class="css-0"><p class="chakra-text css-1ecdp9w" data-testid="product-brand">No Name</p><h3 class="chakra-heading css-6qrhwc" id="21030561_EA" data-testid="product-title">Pepperoni Pizzas</h3><p class="chakra-text css-1yftjin" data-testid="product-package-size">1660 g, $0.78/100g</p></div></a><div class="css-8keand"></div></div><div class="css-1q5omjq"><div class="css-fcebb8"><div data-testid="atc-compact" class="css-y94ivq" style="width: 45px;"><button type="button" class="chakra-button css-mudsm6" data-testid="atc-button"><svg stroke="currentColor" fill="currentColor" stroke-width="0" viewBox="0 0 24 24" focusable="false" class="chakra-icon css-1g3sp7a" data-testid="btn-icon" aria-hidden="true" height="1em" width="1em" xmlns="http://www.w3.org/2000/svg"><path d="M19 13h-6v6h-2v-6H5v-2h6V5h2v6h6v2z"></path></svg><span class="css-idkz9h">Add Pepperoni Pizzas to cart</span></button></div></div></div></div></div></li><li tabindex="-1" class="css-0"><div class="css-f5i5wc"><div class="chakra-linkbox css-vhnn8v"><div data-testid="product-image" class="css-16dr4ly"><img alt="No Name Unsalted Butter 454 g, $1.30/100g" src="https://assets.shop.loblaws.ca/products/20316543002/b1/en/front/20316543002_front_a01_@2.png" srcset="https://assets.shop.loblaws.ca/products/20316543002/b1/en/front/20316543002_front_a01_@2.png 1x, https://assets.shop.loblaws.ca/products/20316543002/b1/en/front/20316543002_front_a01_@2.png 2x" loading="lazy" class="chakra-image css-oguq8l" aria-hidden="true"></div><div class="css-qoklea"><div class="css-12dchmx"></div><div data-testid="price-product-tile" class="css-8atqhb"><p class="chakra-text css-0"><span class="chakra-text css-pwnbcb" data-testid="regular-price"><span class="css-idkz9h">$5.88</span>$5.88</span></p></div><a href="/unsalted-butter/p/20316543002_EA?source=nspt" class="chakra-linkbox__overlay css-1hnz6hu"><div class="css-0"><p class="chakra-text css-1ecdp9w" data-testid="product-brand">No Name</p><h3 class="chakra-heading css-6qrhwc" id="20316543002_EA" data-testid="product-title">Unsalted Butter</h3><p class="chakra-text css-1yftjin" data-testid="product-package-size">454 g, $1.30/100g</p></div></a><div class="css-8keand"></div></div><div class="css-1q5omjq"><div class="css-fcebb8"><div data-testid="atc-compact" class="css-y94ivq" style="width: 45px;"><button type="button" class="chakra-button css-mudsm6" data-testid="atc-button"><svg stroke="currentColor" fill="currentColor" stroke-width="0" viewBox="0 0 24 24" focusable="false" class="chakra-icon css-1g3sp7a" data-testid="btn-icon" aria-hidden="true" height="1em" width="1em" xmlns="http://www.w3.org/2000/svg"><path d="M19 13h-6v6h-2v-6H5v-2h6V5h2v6h6v2z"></path></svg><span class="css-idkz9h">Add Unsalted Butter to cart</span></button></div></div></div></div></div></li><li tabindex="-1" class="css-0"><div class="css-f5i5wc"><div class="chakra-linkbox css-vhnn8v"><div data-testid="product-image" class="css-16dr4ly"><img alt="No Name Original Waffles 1680 g, $0.86/100g" src="https://assets.shop.loblaws.ca/products/20322093001/b1/en/front/20322093001_front_a01_@2.png" srcset="https://assets.shop.loblaws.ca/products/20322093001/b1/en/front/20322093001_front_a01_@2.png 1x, https://assets.shop.loblaws.ca/products/20322093001/b1/en/front/20322093001_front_a01_@2.png 2x" loading="lazy" class="chakra-image css-oguq8l" aria-hidden="true"></div><div class="css-qoklea"><div class="css-12dchmx"></div><div data-testid="price-product-tile" class="css-8atqhb"><p class="chakra-text css-0"><span class="chakra-text css-pwnbcb" data-testid="regular-price"><span class="css-idkz9h">$14.49</span>$14.49</span></p></div><a href="/original-waffles/p/20322093001_EA?source=nspt" class="chakra-linkbox__overlay css-1hnz6hu"><div class="css-0"><p class="chakra-text css-1ecdp9w" data-testid="product-brand">No Name</p><h3 class="chakra-heading css-6qrhwc" id="20322093001_EA" data-testid="product-title">Original Waffles</h3><p class="chakra-text css-1yftjin" data-testid="product-package-size">1680 g, $0.86/100g</p></div></a><div class="css-8keand"></div></div><div class="css-1q5omjq"><div class="css-fcebb8"><div data-testid="atc-compact" class="css-y94ivq" style="width: 45px;"><button type="button" class="chakra-button css-mudsm6" data-testid="atc-button"><svg stroke="currentColor" fill="currentColor" stroke-width="0" viewBox="0 0 24 24" focusable="false" class="chakra-icon css-1g3sp7a" data-testid="btn-icon" aria-hidden="true" height="1em" width="1em" xmlns="http://www.w3.org/2000/svg"><path d="M19 13h-6v6h-2v-6H5v-2h6V5h2v6h6v2z"></path></svg><span class="css-idkz9h">Add Original Waffles to cart</span></button></div></div></div></div></div></li><li tabindex="-1" class="css-0"><div class="css-f5i5wc"><div class="chakra-linkbox css-vhnn8v"><div data-testid="product-image" class="css-16dr4ly"><img alt="No Name Bathroom tissue, 24 Rolls 1 ea, $0.25/1ea" src="https://assets.shop.loblaws.ca/products/20963747/b1/en/front/20963747_front_a01_@2.png" srcset="https://assets.shop.loblaws.ca/products/20963747/b1/en/front/20963747_front_a01_@2.png 1x, https://assets.shop.loblaws.ca/products/20963747/b1/en/front/20963747_front_a01_@2.png 2x" loading="lazy" class="chakra-image css-oguq8l" aria-hidden="true"></div><div class="css-qoklea"><div class="css-12dchmx"></div><div data-testid="price-product-tile" class="css-8atqhb"><p class="chakra-text css-0"><span class="chakra-text css-pwnbcb" data-testid="regular-price"><span class="css-idkz9h">$5.99</span>$5.99</span></p></div><a href="/bathroom-tissue-24-rolls/p/20963747_EA?source=nspt" class="chakra-linkbox__overlay css-1hnz6hu"><div class="css-0"><p class="chakra-text css-1ecdp9w" data-testid="product-brand">No Name</p><h3 class="chakra-heading css-6qrhwc" id="20963747_EA" data-testid="product-title">Bathroom tissue, 24 Rolls</h3><p class="chakra-text css-1yftjin" data-testid="product-package-size">1 ea, $0.25/1ea</p></div></a><div class="css-8keand"></div></div><div class="css-1q5omjq"><div class="css-fcebb8"><div data-testid="atc-compact" class="css-y94ivq" style="width: 45px;"><button type="button" class="chakra-button css-mudsm6" data-testid="atc-button"><svg stroke="currentColor" fill="currentColor" stroke-width="0" viewBox="0 0 24 24" focusable="false" class="chakra-icon css-1g3sp7a" data-testid="btn-icon" aria-hidden="true" height="1em" width="1em" xmlns="http://www.w3.org/2000/svg"><path d="M19 13h-6v6h-2v-6H5v-2h6V5h2v6h6v2z"></path></svg><span class="css-idkz9h">Add Bathroom tissue, 24 Rolls to cart</span></button></div></div></div></div></div></li><li tabindex="-1" class="css-0"><div class="css-f5i5wc"><div class="chakra-linkbox css-vhnn8v"><div data-testid="product-image" class="css-16dr4ly"><img alt="No Name Shredded Farmer's Marble Cheese 320 g, $1.72/100g" src="https://assets.shop.loblaws.ca/products/21200684/b1/en/front/21200684_front_a01_@2.png" srcset="https://assets.shop.loblaws.ca/products/21200684/b1/en/front/21200684_front_a01_@2.png 1x, https://assets.shop.loblaws.ca/products/21200684/b1/en/front/21200684_front_a01_@2.png 2x" loading="lazy" class="chakra-image css-oguq8l" aria-hidden="true"></div><div class="css-qoklea"><div class="css-12dchmx"></div><div data-testid="price-product-tile" class="css-8atqhb"><p class="chakra-text css-0"><span class="chakra-text css-pwnbcb" data-testid="regular-price"><span class="css-idkz9h">$5.49</span>$5.49</span></p></div><a href="/shredded-farmer-s-marble-cheese/p/21200684_EA?source=nspt" class="chakra-linkbox__overlay css-1hnz6hu"><div class="css-0"><p class="chakra-text css-1ecdp9w" data-testid="product-brand">No Name</p><h3 class="chakra-heading css-6qrhwc" id="21200684_EA" data-testid="product-title">Shredded Farmer's Marble Cheese</h3><p class="chakra-text css-1yftjin" data-testid="product-package-size">320 g, $1.72/100g</p></div></a><div class="css-8keand"></div></div><div class="css-1q5omjq"><div class="css-fcebb8"><div data-testid="atc-compact" class="css-y94ivq" style="width: 45px;"><button type="button" class="chakra-button css-mudsm6" data-testid="atc-button"><svg stroke="currentColor" fill="currentColor" stroke-width="0" viewBox="0 0 24 24" focusable="false" class="chakra-icon css-1g3sp7a" data-testid="btn-icon" aria-hidden="true" height="1em" width="1em" xmlns="http://www.w3.org/2000/svg"><path d="M19 13h-6v6h-2v-6H5v-2h6V5h2v6h6v2z"></path></svg><span class="css-idkz9h">Add Shredded Farmer's Marble Cheese to cart</span></button></div></div></div></div></div></li><li tabindex="-1" class="css-0"><div class="css-f5i5wc"><div class="chakra-linkbox css-vhnn8v"><div data-testid="product-image" class="css-16dr4ly"><img alt="No Name Grade A Extra Large Eggs 12 eggs, $0.39/1ea" src="https://assets.shop.loblaws.ca/products/20812726001/b1/en/front/20812726001_front_a01_@2.png" srcset="https://assets.shop.loblaws.ca/products/20812726001/b1/en/front/20812726001_front_a01_@2.png 1x, https://assets.shop.loblaws.ca/products/20812726001/b1/en/front/20812726001_front_a01_@2.png 2x" loading="lazy" class="chakra-image css-oguq8l" aria-hidden="true"></div><div class="css-qoklea"><div class="css-12dchmx"></div><div data-testid="price-product-tile" class="css-8atqhb"><p class="chakra-text css-0"><span class="chakra-text css-pwnbcb" data-testid="regular-price"><span class="css-idkz9h">$4.62</span>$4.62</span></p></div><a href="/grade-a-extra-large-eggs/p/20812726001_EA?source=nspt" class="chakra-linkbox__overlay css-1hnz6hu"><div class="css-0"><p class="chakra-text css-1ecdp9w" data-testid="product-brand">No Name</p><h3 class="chakra-heading css-6qrhwc" id="20812726001_EA" data-testid="product-title">Grade A Extra Large Eggs</h3><p class="chakra-text css-1yftjin" data-testid="product-package-size">12 eggs, $0.39/1ea</p></div></a><div class="css-8keand"></div></div><div class="css-1q5omjq"><div class="css-fcebb8"><div data-testid="atc-compact" class="css-y94ivq" style="width: 45px;"><button type="button" class="chakra-button css-mudsm6" data-testid="atc-button"><svg stroke="currentColor" fill="currentColor" stroke-width="0" viewBox="0 0 24 24" focusable="false" class="chakra-icon css-1g3sp7a" data-testid="btn-icon" aria-hidden="true" height="1em" width="1em" xmlns="http://www.w3.org/2000/svg"><path d="M19 13h-6v6h-2v-6H5v-2h6V5h2v6h6v2z"></path></svg><span class="css-idkz9h">Add Grade A Extra Large Eggs to cart</span></button></div></div></div></div></div></li><li tabindex="-1" class="css-0"><div class="css-f5i5wc"><div class="chakra-linkbox css-vhnn8v"><div data-testid="product-image" class="css-16dr4ly"><img alt="No Name Original Rice Crackers 100 g, $1.69/100g" src="https://assets.shop.loblaws.ca/products/20297188003/b1/en/front/20297188003_front_a01_@2.png" srcset="https://assets.shop.loblaws.ca/products/20297188003/b1/en/front/20297188003_front_a01_@2.png 1x, https://assets.shop.loblaws.ca/products/20297188003/b1/en/front/20297188003_front_a01_@2.png 2x" loading="lazy" class="chakra-image css-oguq8l" aria-hidden="true"></div><div class="css-qoklea"><div class="css-12dchmx"></div><div data-testid="price-product-tile" class="css-8atqhb"><p class="chakra-text css-0"><span class="chakra-text css-pwnbcb" data-testid="regular-price"><span class="css-idkz9h">$1.69</span>$1.69</span></p></div><a href="/original-rice-crackers/p/20297188003_EA?source=nspt" class="chakra-linkbox__overlay css-1hnz6hu"><div class="css-0"><p class="chakra-text css-1ecdp9w" data-testid="product-brand">No Name</p><h3 class="chakra-heading css-6qrhwc" id="20297188003_EA" data-testid="product-title">Original Rice Crackers</h3><p class="chakra-text css-1yftjin" data-testid="product-package-size">100 g, $1.69/100g</p></div></a><div class="css-8keand"></div></div><div class="css-1q5omjq"><div class="css-fcebb8"><div data-testid="atc-compact" class="css-y94ivq" style="width: 45px;"><button type="button" class="chakra-button css-mudsm6" data-testid="atc-button"><svg stroke="currentColor" fill="currentColor" stroke-width="0" viewBox="0 0 24 24" focusable="false" class="chakra-icon css-1g3sp7a" data-testid="btn-icon" aria-hidden="true" height="1em" width="1em" xmlns="http://www.w3.org/2000/svg"><path d="M19 13h-6v6h-2v-6H5v-2h6V5h2v6h6v2z"></path></svg><span class="css-idkz9h">Add Original Rice Crackers to cart</span></button></div></div></div></div></div></li><li tabindex="-1" class="css-0"><div class="css-f5i5wc"><div class="chakra-linkbox css-vhnn8v"><div data-testid="product-image" class="css-16dr4ly"><img alt="No Name Regular Ripple Cut Potato Chips 200 g, $0.75/100g" src="https://assets.shop.loblaws.ca/products/21302821/b1/en/front/21302821_front_a01_@2.png" srcset="https://assets.shop.loblaws.ca/products/21302821/b1/en/front/21302821_front_a01_@2.png 1x, https://assets.shop.loblaws.ca/products/21302821/b1/en/front/21302821_front_a01_@2.png 2x" loading="lazy" class="chakra-image css-oguq8l" aria-hidden="true"></div><div class="css-qoklea"><div class="css-12dchmx"></div><div data-testid="price-product-tile" class="css-8atqhb"><p class="chakra-text css-0"><span class="chakra-text css-pwnbcb" data-testid="regular-price"><span class="css-idkz9h">$1.49</span>$1.49</span></p></div><a href="/regular-ripple-cut-potato-chips/p/21302821_EA?source=nspt" class="chakra-linkbox__overlay css-1hnz6hu"><div class="css-0"><p class="chakra-text css-1ecdp9w" data-testid="product-brand">No Name</p><h3 class="chakra-heading css-6qrhwc" id="21302821_EA" data-testid="product-title">Regular Ripple Cut Potato Chips</h3><p class="chakra-text css-1yftjin" data-testid="product-package-size">200 g, $0.75/100g</p></div></a><div class="css-8keand"></div></div><div class="css-1q5omjq"><div class="css-fcebb8"><div data-testid="atc-compact" class="css-y94ivq" style="width: 45px;"><button type="button" class="chakra-button css-mudsm6" data-testid="atc-button"><svg stroke="currentColor" fill="currentColor" stroke-width="0" viewBox="0 0 24 24" focusable="false" class="chakra-icon css-1g3sp7a" data-testid="btn-icon" aria-hidden="true" height="1em" width="1em" xmlns="http://www.w3.org/2000/svg"><path d="M19 13h-6v6h-2v-6H5v-2h6V5h2v6h6v2z"></path></svg><span class="css-idkz9h">Add Regular Ripple Cut Potato Chips to cart</span></button></div></div></div></div></div></li><li tabindex="-1" class="css-0"><div class="css-f5i5wc"><div class="chakra-linkbox css-vhnn8v"><div data-testid="product-image" class="css-16dr4ly"><img alt="No Name Original Bread 520 g, $0.38/100g" src="https://assets.shop.loblaws.ca/products/21509610/b1/en/front/21509610_front_a01_@2.png" srcset="https://assets.shop.loblaws.ca/products/21509610/b1/en/front/21509610_front_a01_@2.png 1x, https://assets.shop.loblaws.ca/products/21509610/b1/en/front/21509610_front_a01_@2.png 2x" loading="lazy" class="chakra-image css-oguq8l" aria-hidden="true"></div><div class="css-qoklea"><div class="css-12dchmx"></div><div data-testid="price-product-tile" class="css-8atqhb"><p class="chakra-text css-0"><span class="chakra-text css-pwnbcb" data-testid="regular-price"><span class="css-idkz9h">$1.99</span>$1.99</span></p></div><a href="/original-bread/p/21509610_EA?source=nspt" class="chakra-linkbox__overlay css-1hnz6hu"><div class="css-0"><p class="chakra-text css-1ecdp9w" data-testid="product-brand">No Name</p><h3 class="chakra-heading css-6qrhwc" id="21509610_EA" data-testid="product-title">Original Bread</h3><p class="chakra-text css-1yftjin" data-testid="product-package-size">520 g, $0.38/100g</p></div></a><div class="css-8keand"></div></div><div class="css-1q5omjq"><div class="css-fcebb8"><div data-testid="atc-compact" class="css-y94ivq" style="width: 45px;"><button type="button" class="chakra-button css-mudsm6" data-testid="atc-button"><svg stroke="currentColor" fill="currentColor" stroke-width="0" viewBox="0 0 24 24" focusable="false" class="chakra-icon css-1g3sp7a" data-testid="btn-icon" aria-hidden="true" height="1em" width="1em" xmlns="http://www.w3.org/2000/svg"><path d="M19 13h-6v6h-2v-6H5v-2h6V5h2v6h6v2z"></path></svg><span class="css-idkz9h">Add Original Bread to cart</span></button></div></div></div></div></div></li><li tabindex="-1" class="css-0"><div class="css-f5i5wc"><div class="chakra-linkbox css-vhnn8v"><div data-testid="product-image" class="css-16dr4ly"><img alt="No Name Burger C/Pack 20'S 5Lb, Club Pack 2.27 kg, $1.01/100g" src="https://assets.shop.loblaws.ca/products/20060012/b1/en/front/20060012_front_a01_@2.png" srcset="https://assets.shop.loblaws.ca/products/20060012/b1/en/front/20060012_front_a01_@2.png 1x, https://assets.shop.loblaws.ca/products/20060012/b1/en/front/20060012_front_a01_@2.png 2x" loading="lazy" class="chakra-image css-oguq8l" aria-hidden="true"></div><div class="css-qoklea"><div class="css-12dchmx"></div><div data-testid="price-product-tile" class="css-8atqhb"><p class="chakra-text css-0"><span class="chakra-text css-pwnbcb" data-testid="regular-price"><span class="css-idkz9h">$23.00</span>$23.00</span></p></div><a href="/burger-c-pack-20-s-5lb-club-pack/p/20060012_EA?source=nspt" class="chakra-linkbox__overlay css-1hnz6hu"><div class="css-0"><p class="chakra-text css-1ecdp9w" data-testid="product-brand">No Name</p><h3 class="chakra-heading css-6qrhwc" id="20060012_EA" data-testid="product-title">Burger C/Pack 20'S 5Lb, Club Pack</h3><p class="chakra-text css-1yftjin" data-testid="product-package-size">2.27 kg, $1.01/100g</p></div></a><div class="css-8keand"></div></div><div class="css-1q5omjq"><div class="css-fcebb8"><div data-testid="atc-compact" class="css-y94ivq" style="width: 45px;"><button type="button" class="chakra-button css-mudsm6" data-testid="atc-button"><svg stroke="currentColor" fill="currentColor" stroke-width="0" viewBox="0 0 24 24" focusable="false" class="chakra-icon css-1g3sp7a" data-testid="btn-icon" aria-hidden="true" height="1em" width="1em" xmlns="http://www.w3.org/2000/svg"><path d="M19 13h-6v6h-2v-6H5v-2h6V5h2v6h6v2z"></path></svg><span class="css-idkz9h">Add Burger C/Pack 20'S 5Lb, Club Pack to cart</span></button></div></div></div></div></div></li><li tabindex="-1" class="css-0"><div class="css-f5i5wc"><div class="chakra-linkbox css-vhnn8v"><div data-testid="product-image" class="css-16dr4ly"><img alt="No Name Swiss Cheese Slices 210 g, $2.14/100g" src="https://assets.shop.loblaws.ca/products/20742893/b1/en/front/20742893_front_a01_@2.png" srcset="https://assets.shop.loblaws.ca/products/20742893/b1/en/front/20742893_front_a01_@2.png 1x, https://assets.shop.loblaws.ca/products/20742893/b1/en/front/20742893_front_a01_@2.png 2x" loading="lazy" class="chakra-image css-oguq8l" aria-hidden="true"></div><div class="css-qoklea"><div class="css-12dchmx"></div><div data-testid="price-product-tile" class="css-8atqhb"><p class="chakra-text css-0"><span class="chakra-text css-pwnbcb" data-testid="regular-price"><span class="css-idkz9h">$4.50</span>$4.50</span></p></div><a href="/swiss-cheese-slices/p/20742893_EA?source=nspt" class="chakra-linkbox__overlay css-1hnz6hu"><div class="css-0"><p class="chakra-text css-1ecdp9w" data-testid="product-brand">No Name</p><h3 class="chakra-heading css-6qrhwc" id="20742893_EA" data-testid="product-title">Swiss Cheese Slices</h3><p class="chakra-text css-1yftjin" data-testid="product-package-size">210 g, $2.14/100g</p></div></a><div class="css-8keand"></div></div><div class="css-1q5omjq"><div class="css-fcebb8"><div data-testid="atc-compact" class="css-y94ivq" style="width: 45px;"><button type="button" class="chakra-button css-mudsm6" data-testid="atc-button"><svg stroke="currentColor" fill="currentColor" stroke-width="0" viewBox="0 0 24 24" focusable="false" class="chakra-icon css-1g3sp7a" data-testid="btn-icon" aria-hidden="true" height="1em" width="1em" xmlns="http://www.w3.org/2000/svg"><path d="M19 13h-6v6h-2v-6H5v-2h6V5h2v6h6v2z"></path></svg><span class="css-idkz9h">Add Swiss Cheese Slices to cart</span></button></div></div></div></div></div></li><li tabindex="-1" class="css-0"><div class="css-f5i5wc"><div class="chakra-linkbox css-vhnn8v"><div data-testid="product-image" class="css-16dr4ly"><img alt="No Name Naturally Imperfect Mango 2 kg, $0.70/100g" src="https://assets.shop.loblaws.ca/products/21033161/b1/en/front/21033161_front_a01_@2.png" srcset="https://assets.shop.loblaws.ca/products/21033161/b1/en/front/21033161_front_a01_@2.png 1x, https://assets.shop.loblaws.ca/products/21033161/b1/en/front/21033161_front_a01_@2.png 2x" loading="lazy" class="chakra-image css-oguq8l" aria-hidden="true"></div><div class="css-qoklea"><div class="css-12dchmx"></div><div data-testid="price-product-tile" class="css-8atqhb"><p class="chakra-text css-0"><span class="chakra-text css-pwnbcb" data-testid="regular-price"><span class="css-idkz9h">$14.00</span>$14.00</span></p></div><a href="/naturally-imperfect-mango/p/21033161_EA?source=nspt" class="chakra-linkbox__overlay css-1hnz6hu"><div class="css-0"><p class="chakra-text css-1ecdp9w" data-testid="product-brand">No Name</p><h3 class="chakra-heading css-6qrhwc" id="21033161_EA" data-testid="product-title">Naturally Imperfect Mango</h3><p class="chakra-text css-1yftjin" data-testid="product-package-size">2 kg, $0.70/100g</p></div></a><div class="css-8keand"></div></div><div class="css-1q5omjq"><div class="css-fcebb8"><div data-testid="atc-compact" class="css-y94ivq" style="width: 45px;"><button type="button" class="chakra-button css-mudsm6" data-testid="atc-button"><svg stroke="currentColor" fill="currentColor" stroke-width="0" viewBox="0 0 24 24" focusable="false" class="chakra-icon css-1g3sp7a" data-testid="btn-icon" aria-hidden="true" height="1em" width="1em" xmlns="http://www.w3.org/2000/svg"><path d="M19 13h-6v6h-2v-6H5v-2h6V5h2v6h6v2z"></path></svg><span class="css-idkz9h">Add Naturally Imperfect Mango to cart</span></button></div></div></div></div></div></li><li tabindex="-1" class="css-0"><div class="css-f5i5wc"><div class="chakra-linkbox css-vhnn8v"><div data-testid="product-image" class="css-16dr4ly"><img alt="No Name Jumbo Paper Towels, 6 Rolls 6 ea, $1.00/1ea" src="https://assets.shop.loblaws.ca/products/20078625/b1/en/front/20078625_front_a01_@2.png" srcset="https://assets.shop.loblaws.ca/products/20078625/b1/en/front/20078625_front_a01_@2.png 1x, https://assets.shop.loblaws.ca/products/20078625/b1/en/front/20078625_front_a01_@2.png 2x" loading="lazy" class="chakra-image css-oguq8l" aria-hidden="true"></div><div class="css-qoklea"><div class="css-12dchmx"></div><div data-testid="price-product-tile" class="css-8atqhb"><p class="chakra-text css-0"><span class="chakra-text css-pwnbcb" data-testid="regular-price"><span class="css-idkz9h">$5.99</span>$5.99</span></p></div><a href="/jumbo-paper-towels-6-rolls/p/20078625_EA?source=nspt" class="chakra-linkbox__overlay css-1hnz6hu"><div class="css-0"><p class="chakra-text css-1ecdp9w" data-testid="product-brand">No Name</p><h3 class="chakra-heading css-6qrhwc" id="20078625_EA" data-testid="product-title">Jumbo Paper Towels, 6 Rolls</h3><p class="chakra-text css-1yftjin" data-testid="product-package-size">6 ea, $1.00/1ea</p></div></a><div class="css-8keand"></div></div><div class="css-1q5omjq"><div class="css-fcebb8"><div data-testid="atc-compact" class="css-y94ivq" style="width: 45px;"><button type="button" class="chakra-button css-mudsm6" data-testid="atc-button"><svg stroke="currentColor" fill="currentColor" stroke-width="0" viewBox="0 0 24 24" focusable="false" class="chakra-icon css-1g3sp7a" data-testid="btn-icon" aria-hidden="true" height="1em" width="1em" xmlns="http://www.w3.org/2000/svg"><path d="M19 13h-6v6h-2v-6H5v-2h6V5h2v6h6v2z"></path></svg><span class="css-idkz9h">Add Jumbo Paper Towels, 6 Rolls to cart</span></button></div></div></div></div></div></li><li tabindex="-1" class="css-0"><div class="css-f5i5wc"><div class="chakra-linkbox css-vhnn8v"><div data-testid="product-image" class="css-16dr4ly"><img alt="No Name Hot Dog Buns 516 g, $0.39/100g" src="https://assets.shop.loblaws.ca/products/21509829/b1/en/front/21509829_front_a01_@2.png" srcset="https://assets.shop.loblaws.ca/products/21509829/b1/en/front/21509829_front_a01_@2.png 1x, https://assets.shop.loblaws.ca/products/21509829/b1/en/front/21509829_front_a01_@2.png 2x" loading="lazy" class="chakra-image css-oguq8l" aria-hidden="true"></div><div class="css-qoklea"><div class="css-12dchmx"></div><div data-testid="price-product-tile" class="css-8atqhb"><p class="chakra-text css-0"><span class="chakra-text css-o93gbd" data-testid="sale-price"><span class="css-idkz9h">$2.00</span>$2.00</span><span class="chakra-text css-623q5h" data-testid="was-price"><span class="css-idkz9h">$2.75</span>$2.75</span></p><p class="chakra-text css-1m5a6y8" data-testid="price-descriptor">SAVE $0.75</p></div><a href="/hot-dog-buns/p/21509829_EA?source=nspt" class="chakra-linkbox__overlay css-1hnz6hu"><div class="css-0"><p class="chakra-text css-1ecdp9w" data-testid="product-brand">No Name</p><h3 class="chakra-heading css-6qrhwc" id="21509829_EA" data-testid="product-title">Hot Dog Buns</h3><p class="chakra-text css-1yftjin" data-testid="product-package-size">516 g, $0.39/100g</p></div></a><div class="css-8keand"></div></div><div class="css-1q5omjq"><div class="css-fcebb8"><div data-testid="atc-compact" class="css-y94ivq" style="width: 45px;"><button type="button" class="chakra-button css-mudsm6" data-testid="atc-button"><svg stroke="currentColor" fill="currentColor" stroke-width="0" viewBox="0 0 24 24" focusable="false" class="chakra-icon css-1g3sp7a" data-testid="btn-icon" aria-hidden="true" height="1em" width="1em" xmlns="http://www.w3.org/2000/svg"><path d="M19 13h-6v6h-2v-6H5v-2h6V5h2v6h6v2z"></path></svg><span class="css-idkz9h">Add Hot Dog Buns to cart</span></button></div></div></div></div></div></li><li tabindex="-1" class="css-0"><div class="css-f5i5wc"><div class="chakra-linkbox css-vhnn8v"><div data-testid="product-image" class="css-16dr4ly"><img alt="No Name Black Beans 540 ml, $0.28/100ml" src="https://assets.shop.loblaws.ca/products/20325921005/b1/en/front/20325921005_front_a01_@2.png" srcset="https://assets.shop.loblaws.ca/products/20325921005/b1/en/front/20325921005_front_a01_@2.png 1x, https://assets.shop.loblaws.ca/products/20325921005/b1/en/front/20325921005_front_a01_@2.png 2x" loading="lazy" class="chakra-image css-oguq8l" aria-hidden="true"></div><div class="css-qoklea"><div class="css-12dchmx"></div><div data-testid="price-product-tile" class="css-8atqhb"><p class="chakra-text css-0"><span class="chakra-text css-pwnbcb" data-testid="regular-price"><span class="css-idkz9h">$1.49</span>$1.49</span></p></div><a href="/black-beans/p/20325921005_EA?source=nspt" class="chakra-linkbox__overlay css-1hnz6hu"><div class="css-0"><p class="chakra-text css-1ecdp9w" data-testid="product-brand">No Name</p><h3 class="chakra-heading css-6qrhwc" id="20325921005_EA" data-testid="product-title">Black Beans</h3><p class="chakra-text css-1yftjin" data-testid="product-package-size">540 ml, $0.28/100ml</p></div></a><div class="css-8keand"></div></div><div class="css-1q5omjq"><div class="css-fcebb8"><div data-testid="atc-compact" class="css-y94ivq" style="width: 45px;"><button type="button" class="chakra-button css-mudsm6" data-testid="atc-button"><svg stroke="currentColor" fill="currentColor" stroke-width="0" viewBox="0 0 24 24" focusable="false" class="chakra-icon css-1g3sp7a" data-testid="btn-icon" aria-hidden="true" height="1em" width="1em" xmlns="http://www.w3.org/2000/svg"><path d="M19 13h-6v6h-2v-6H5v-2h6V5h2v6h6v2z"></path></svg><span class="css-idkz9h">Add Black Beans to cart</span></button></div></div></div></div></div></li><li tabindex="-1" class="css-0"><div class="css-f5i5wc"><div class="chakra-linkbox css-vhnn8v"><div data-testid="product-image" class="css-16dr4ly"><img alt="No Name Chickpeas 540 ml, $0.28/100ml" src="https://assets.shop.loblaws.ca/products/20325921001/b1/en/front/20325921001_front_a01_@2.png" srcset="https://assets.shop.loblaws.ca/products/20325921001/b1/en/front/20325921001_front_a01_@2.png 1x, https://assets.shop.loblaws.ca/products/20325921001/b1/en/front/20325921001_front_a01_@2.png 2x" loading="lazy" class="chakra-image css-oguq8l" aria-hidden="true"></div><div class="css-qoklea"><div class="css-12dchmx"></div><div data-testid="price-product-tile" class="css-8atqhb"><p class="chakra-text css-0"><span class="chakra-text css-pwnbcb" data-testid="regular-price"><span class="css-idkz9h">$1.49</span>$1.49</span></p></div><a href="/chickpeas/p/20325921001_EA?source=nspt" class="chakra-linkbox__overlay css-1hnz6hu"><div class="css-0"><p class="chakra-text css-1ecdp9w" data-testid="product-brand">No Name</p><h3 class="chakra-heading css-6qrhwc" id="20325921001_EA" data-testid="product-title">Chickpeas</h3><p class="chakra-text css-1yftjin" data-testid="product-package-size">540 ml, $0.28/100ml</p></div></a><div class="css-8keand"></div></div><div class="css-1q5omjq"><div class="css-fcebb8"><div data-testid="atc-compact" class="css-y94ivq" style="width: 45px;"><button type="button" class="chakra-button css-mudsm6" data-testid="atc-button"><svg stroke="currentColor" fill="currentColor" stroke-width="0" viewBox="0 0 24 24" focusable="false" class="chakra-icon css-1g3sp7a" data-testid="btn-icon" aria-hidden="true" height="1em" width="1em" xmlns="http://www.w3.org/2000/svg"><path d="M19 13h-6v6h-2v-6H5v-2h6V5h2v6h6v2z"></path></svg><span class="css-idkz9h">Add Chickpeas to cart</span></button></div></div></div></div></div></li><li tabindex="-1" class="css-0"><div class="css-f5i5wc"><div class="chakra-linkbox css-vhnn8v"><div data-testid="product-image" class="css-16dr4ly"><img alt="No Name Blueberries 2 kg, $0.70/100g" src="https://assets.shop.loblaws.ca/products/21033164/b1/en/front/21033164_front_a01_@2.png" srcset="https://assets.shop.loblaws.ca/products/21033164/b1/en/front/21033164_front_a01_@2.png 1x, https://assets.shop.loblaws.ca/products/21033164/b1/en/front/21033164_front_a01_@2.png 2x" loading="lazy" class="chakra-image css-oguq8l" aria-hidden="true"></div><div class="css-qoklea"><div class="css-12dchmx"></div><div data-testid="price-product-tile" class="css-8atqhb"><p class="chakra-text css-0"><span class="chakra-text css-pwnbcb" data-testid="regular-price"><span class="css-idkz9h">$14.00</span>$14.00</span></p></div><a href="/blueberries/p/21033164_EA?source=nspt" class="chakra-linkbox__overlay css-1hnz6hu"><div class="css-0"><p class="chakra-text css-1ecdp9w" data-testid="product-brand">No Name</p><h3 class="chakra-heading css-6qrhwc" id="21033164_EA" data-testid="product-title">Blueberries</h3><p class="chakra-text css-1yftjin" data-testid="product-package-size">2 kg, $0.70/100g</p></div></a><div class="css-8keand"></div></div><div class="css-1q5omjq"><div class="css-fcebb8"><div data-testid="atc-compact" class="css-y94ivq" style="width: 45px;"><button type="button" class="chakra-button css-mudsm6" data-testid="atc-button"><svg stroke="currentColor" fill="currentColor" stroke-width="0" viewBox="0 0 24 24" focusable="false" class="chakra-icon css-1g3sp7a" data-testid="btn-icon" aria-hidden="true" height="1em" width="1em" xmlns="http://www.w3.org/2000/svg"><path d="M19 13h-6v6h-2v-6H5v-2h6V5h2v6h6v2z"></path></svg><span class="css-idkz9h">Add Blueberries to cart</span></button></div></div></div></div></div></li><li tabindex="-1" class="css-0"><div class="css-f5i5wc"><div class="chakra-linkbox css-vhnn8v"><div data-testid="product-image" class="css-16dr4ly"><img alt="No Name Shredded Nacho Cheese Blend 900 g, $1.72/100g" src="https://assets.shop.loblaws.ca/products/20142980/b1/en/front/20142980_front_a01_@2.png" srcset="https://assets.shop.loblaws.ca/products/20142980/b1/en/front/20142980_front_a01_@2.png 1x, https://assets.shop.loblaws.ca/products/20142980/b1/en/front/20142980_front_a01_@2.png 2x" loading="lazy" class="chakra-image css-oguq8l" aria-hidden="true"></div><div class="css-qoklea"><div class="css-12dchmx"></div><div data-testid="price-product-tile" class="css-8atqhb"><p class="chakra-text css-0"><span class="chakra-text css-pwnbcb" data-testid="regular-price"><span class="css-idkz9h">$15.49</span>$15.49</span></p></div><a href="/shredded-nacho-cheese-blend/p/20142980_EA?source=nspt" class="chakra-linkbox__overlay css-1hnz6hu"><div class="css-0"><p class="chakra-text css-1ecdp9w" data-testid="product-brand">No Name</p><h3 class="chakra-heading css-6qrhwc" id="20142980_EA" data-testid="product-title">Shredded Nacho Cheese Blend</h3><p class="chakra-text css-1yftjin" data-testid="product-package-size">900 g, $1.72/100g</p></div></a><div class="css-8keand"></div></div><div class="css-1q5omjq"><div class="css-fcebb8"><div data-testid="atc-compact" class="css-y94ivq" style="width: 45px;"><button type="button" class="chakra-button css-mudsm6" data-testid="atc-button"><svg stroke="currentColor" fill="currentColor" stroke-width="0" viewBox="0 0 24 24" focusable="false" class="chakra-icon css-1g3sp7a" data-testid="btn-icon" aria-hidden="true" height="1em" width="1em" xmlns="http://www.w3.org/2000/svg"><path d="M19 13h-6v6h-2v-6H5v-2h6V5h2v6h6v2z"></path></svg><span class="css-idkz9h">Add Shredded Nacho Cheese Blend to cart</span></button></div></div></div></div></div></li><li tabindex="-1" class="css-0"><div class="css-f5i5wc"><div class="chakra-linkbox css-vhnn8v"><div data-testid="product-image" class="css-16dr4ly"><img alt="No Name Pure 100% Canadian Liquid Honey 1 kg, $1.00/100g" src="https://assets.shop.loblaws.ca/products/20033683/b1/en/front/20033683_front_a01_@2.png" srcset="https://assets.shop.loblaws.ca/products/20033683/b1/en/front/20033683_front_a01_@2.png 1x, https://assets.shop.loblaws.ca/products/20033683/b1/en/front/20033683_front_a01_@2.png 2x" loading="lazy" class="chakra-image css-oguq8l" aria-hidden="true"></div><div class="css-qoklea"><div class="css-12dchmx"></div><div data-testid="price-product-tile" class="css-8atqhb"><p class="chakra-text css-0"><span class="chakra-text css-pwnbcb" data-testid="regular-price"><span class="css-idkz9h">$9.99</span>$9.99</span></p></div><a href="/pure-100-canadian-liquid-honey/p/20033683_EA?source=nspt" class="chakra-linkbox__overlay css-1hnz6hu"><div class="css-0"><p class="chakra-text css-1ecdp9w" data-testid="product-brand">No Name</p><h3 class="chakra-heading css-6qrhwc" id="20033683_EA" data-testid="product-title">Pure 100% Canadian Liquid Honey</h3><p class="chakra-text css-1yftjin" data-testid="product-package-size">1 kg, $1.00/100g</p></div></a><div class="css-8keand"></div></div><div class="css-1q5omjq"><div class="css-fcebb8"><div data-testid="atc-compact" class="css-y94ivq" style="width: 45px;"><button type="button" class="chakra-button css-mudsm6" data-testid="atc-button"><svg stroke="currentColor" fill="currentColor" stroke-width="0" viewBox="0 0 24 24" focusable="false" class="chakra-icon css-1g3sp7a" data-testid="btn-icon" aria-hidden="true" height="1em" width="1em" xmlns="http://www.w3.org/2000/svg"><path d="M19 13h-6v6h-2v-6H5v-2h6V5h2v6h6v2z"></path></svg><span class="css-idkz9h">Add Pure 100% Canadian Liquid Honey to cart</span></button></div></div></div></div></div></li><li tabindex="-1" class="css-0"><div class="css-f5i5wc"><div class="chakra-linkbox css-vhnn8v"><div data-testid="product-image" class="css-16dr4ly"><img alt="No Name Medium Cheddar Cheese 700 g, $1.14/100g" src="https://assets.shop.loblaws.ca/products/20975786/b1/en/front/20975786_front_a01_@2.png" srcset="https://assets.shop.loblaws.ca/products/20975786/b1/en/front/20975786_front_a01_@2.png 1x, https://assets.shop.loblaws.ca/products/20975786/b1/en/front/20975786_front_a01_@2.png 2x" loading="lazy" class="chakra-image css-oguq8l" aria-hidden="true"></div><div class="css-qoklea"><div class="css-12dchmx"></div><div data-testid="price-product-tile" class="css-8atqhb"><p class="chakra-text css-0"><span class="chakra-text css-pwnbcb" data-testid="regular-price"><span class="css-idkz9h">$7.99</span>$7.99</span></p></div><a href="/medium-cheddar-cheese/p/20975786_EA?source=nspt" class="chakra-linkbox__overlay css-1hnz6hu"><div class="css-0"><p class="chakra-text css-1ecdp9w" data-testid="product-brand">No Name</p><h3 class="chakra-heading css-6qrhwc" id="20975786_EA" data-testid="product-title">Medium Cheddar Cheese</h3><p class="chakra-text css-1yftjin" data-testid="product-package-size">700 g, $1.14/100g</p></div></a><div class="css-8keand"></div></div><div class="css-1q5omjq"><div class="css-fcebb8"><div data-testid="atc-compact" class="css-y94ivq" style="width: 45px;"><button type="button" class="chakra-button css-mudsm6" data-testid="atc-button"><svg stroke="currentColor" fill="currentColor" stroke-width="0" viewBox="0 0 24 24" focusable="false" class="chakra-icon css-1g3sp7a" data-testid="btn-icon" aria-hidden="true" height="1em" width="1em" xmlns="http://www.w3.org/2000/svg"><path d="M19 13h-6v6h-2v-6H5v-2h6V5h2v6h6v2z"></path></svg><span class="css-idkz9h">Add Medium Cheddar Cheese to cart</span></button></div></div></div></div></div></li><li tabindex="-1" class="css-0"><div class="css-f5i5wc"><div class="chakra-linkbox css-vhnn8v"><div data-testid="product-image" class="css-16dr4ly"><img alt="No Name Bagel Everything, 6-Pack 480 g, $0.52/100g" src="https://assets.shop.loblaws.ca/products/21217967/b1/en/front/21217967_front_a01_@2.png" srcset="https://assets.shop.loblaws.ca/products/21217967/b1/en/front/21217967_front_a01_@2.png 1x, https://assets.shop.loblaws.ca/products/21217967/b1/en/front/21217967_front_a01_@2.png 2x" loading="lazy" class="chakra-image css-oguq8l" aria-hidden="true"></div><div class="css-qoklea"><div class="css-12dchmx"></div><div data-testid="price-product-tile" class="css-8atqhb"><p class="chakra-text css-0"><span class="chakra-text css-pwnbcb" data-testid="regular-price"><span class="css-idkz9h">$2.49</span>$2.49</span></p></div><a href="/bagel-everything-6-pack/p/21217967_EA?source=nspt" class="chakra-linkbox__overlay css-1hnz6hu"><div class="css-0"><p class="chakra-text css-1ecdp9w" data-testid="product-brand">No Name</p><h3 class="chakra-heading css-6qrhwc" id="21217967_EA" data-testid="product-title">Bagel Everything, 6-Pack</h3><p class="chakra-text css-1yftjin" data-testid="product-package-size">480 g, $0.52/100g</p></div></a><div class="css-8keand"></div></div><div class="css-1q5omjq"><div class="css-fcebb8"><div data-testid="atc-compact" class="css-y94ivq" style="width: 45px;"><button disabled="" type="button" class="chakra-button css-mudsm6" data-testid="atc-button"><svg stroke="currentColor" fill="currentColor" stroke-width="0" viewBox="0 0 24 24" focusable="false" class="chakra-icon css-1g3sp7a" data-testid="btn-icon" aria-hidden="true" height="1em" width="1em" xmlns="http://www.w3.org/2000/svg"><path d="M19 13h-6v6h-2v-6H5v-2h6V5h2v6h6v2z"></path></svg><span class="css-idkz9h">Add Bagel Everything, 6-Pack to cart</span></button></div></div><div class="css-4saf4a"><p class="chakra-text css-py8788" data-testid="inventory-badge-text">Out of Stock</p></div></div></div></div></li><li tabindex="-1" class="css-0"><div class="css-f5i5wc"><div class="chakra-linkbox css-vhnn8v"><div data-testid="product-image" class="css-16dr4ly"><img alt="No Name Naturally Imperfect Mixed Sweet Peppers 2.5lb Bag 1.113 kg, $0.54/100g" src="https://assets.shop.loblaws.ca/products/20921434001/b1/en/front/20921434001_front_a01_@2.png" srcset="https://assets.shop.loblaws.ca/products/20921434001/b1/en/front/20921434001_front_a01_@2.png 1x, https://assets.shop.loblaws.ca/products/20921434001/b1/en/front/20921434001_front_a01_@2.png 2x" loading="lazy" class="chakra-image css-oguq8l" aria-hidden="true"></div><div class="css-qoklea"><div class="css-12dchmx"></div><div data-testid="price-product-tile" class="css-8atqhb"><p class="chakra-text css-0"><span class="chakra-text css-pwnbcb" data-testid="regular-price"><span class="css-idkz9h">$6.00</span>$6.00</span></p></div><a href="/naturally-imperfect-mixed-sweet-peppers-2-5lb-bag/p/20921434001_EA?source=nspt" class="chakra-linkbox__overlay css-1hnz6hu"><div class="css-0"><p class="chakra-text css-1ecdp9w" data-testid="product-brand">No Name</p><h3 class="chakra-heading css-6qrhwc" id="20921434001_EA" data-testid="product-title">Naturally Imperfect Mixed Sweet Peppers 2.5lb Bag</h3><p class="chakra-text css-1yftjin" data-testid="product-package-size">1.113 kg, $0.54/100g</p></div></a><div class="css-8keand"></div></div><div class="css-1q5omjq"><div class="css-fcebb8"><div data-testid="atc-compact" class="css-y94ivq" style="width: 45px;"><button type="button" class="chakra-button css-mudsm6" data-testid="atc-button"><svg stroke="currentColor" fill="currentColor" stroke-width="0" viewBox="0 0 24 24" focusable="false" class="chakra-icon css-1g3sp7a" data-testid="btn-icon" aria-hidden="true" height="1em" width="1em" xmlns="http://www.w3.org/2000/svg"><path d="M19 13h-6v6h-2v-6H5v-2h6V5h2v6h6v2z"></path></svg><span class="css-idkz9h">Add Naturally Imperfect Mixed Sweet Peppers 2.5lb Bag to cart</span></button></div></div></div></div></div></li><li tabindex="-1" class="css-0"><div class="css-f5i5wc"><div class="chakra-linkbox css-vhnn8v"><div data-testid="product-image" class="css-16dr4ly"><img alt="No Name Naturally Imperfect Limes 907 g, $0.66/100g" src="https://assets.shop.loblaws.ca/products/21124368001/b1/en/front/21124368001_front_a01_@2.png" srcset="https://assets.shop.loblaws.ca/products/21124368001/b1/en/front/21124368001_front_a01_@2.png 1x, https://assets.shop.loblaws.ca/products/21124368001/b1/en/front/21124368001_front_a01_@2.png 2x" loading="lazy" class="chakra-image css-oguq8l" aria-hidden="true"></div><div class="css-qoklea"><div class="css-12dchmx"></div><div data-testid="price-product-tile" class="css-8atqhb"><p class="chakra-text css-0"><span class="chakra-text css-pwnbcb" data-testid="regular-price"><span class="css-idkz9h">$6.00</span>$6.00</span></p></div><a href="/naturally-imperfect-limes/p/21124368001_EA?source=nspt" class="chakra-linkbox__overlay css-1hnz6hu"><div class="css-0"><p class="chakra-text css-1ecdp9w" data-testid="product-brand">No Name</p><h3 class="chakra-heading css-6qrhwc" id="21124368001_EA" data-testid="product-title">Naturally Imperfect Limes</h3><p class="chakra-text css-1yftjin" data-testid="product-package-size">907 g, $0.66/100g</p></div></a><div class="css-8keand"></div></div><div class="css-1q5omjq"><div class="css-fcebb8"><div data-testid="atc-compact" class="css-y94ivq" style="width: 45px;"><button type="button" class="chakra-button css-mudsm6" data-testid="atc-button"><svg stroke="currentColor" fill="currentColor" stroke-width="0" viewBox="0 0 24 24" focusable="false" class="chakra-icon css-1g3sp7a" data-testid="btn-icon" aria-hidden="true" height="1em" width="1em" xmlns="http://www.w3.org/2000/svg"><path d="M19 13h-6v6h-2v-6H5v-2h6V5h2v6h6v2z"></path></svg><span class="css-idkz9h">Add Naturally Imperfect Limes to cart</span></button></div></div></div></div></div></li><li tabindex="-1" class="css-0"><div class="css-f5i5wc"><div class="chakra-linkbox css-vhnn8v"><div data-testid="product-image" class="css-16dr4ly"><img alt="No Name All-Purpose Flour 10 kg, $0.12/100g" src="https://assets.shop.loblaws.ca/products/20022248/b1/en/front/20022248_front_a01_@2.png" srcset="https://assets.shop.loblaws.ca/products/20022248/b1/en/front/20022248_front_a01_@2.png 1x, https://assets.shop.loblaws.ca/products/20022248/b1/en/front/20022248_front_a01_@2.png 2x" loading="lazy" class="chakra-image css-oguq8l" aria-hidden="true"></div><div class="css-qoklea"><div class="css-12dchmx"></div><div data-testid="price-product-tile" class="css-8atqhb"><p class="chakra-text css-0"><span class="chakra-text css-pwnbcb" data-testid="regular-price"><span class="css-idkz9h">$11.99</span>$11.99</span></p></div><a href="/all-purpose-flour/p/20022248_EA?source=nspt" class="chakra-linkbox__overlay css-1hnz6hu"><div class="css-0"><p class="chakra-text css-1ecdp9w" data-testid="product-brand">No Name</p><h3 class="chakra-heading css-6qrhwc" id="20022248_EA" data-testid="product-title">All-Purpose Flour</h3><p class="chakra-text css-1yftjin" data-testid="product-package-size">10 kg, $0.12/100g</p></div></a><div class="css-8keand"></div></div><div class="css-1q5omjq"><div class="css-fcebb8"><div data-testid="atc-compact" class="css-y94ivq" style="width: 45px;"><button type="button" class="chakra-button css-mudsm6" data-testid="atc-button"><svg stroke="currentColor" fill="currentColor" stroke-width="0" viewBox="0 0 24 24" focusable="false" class="chakra-icon css-1g3sp7a" data-testid="btn-icon" aria-hidden="true" height="1em" width="1em" xmlns="http://www.w3.org/2000/svg"><path d="M19 13h-6v6h-2v-6H5v-2h6V5h2v6h6v2z"></path></svg><span class="css-idkz9h">Add All-Purpose Flour to cart</span></button></div></div></div></div></div></li><li tabindex="-1" class="css-0"><div class="css-f5i5wc"><div class="chakra-linkbox css-vhnn8v"><div data-testid="product-image" class="css-16dr4ly"><img alt="No Name Pure White Vinegar Club Size 4 l, $0.06/100ml" src="https://assets.shop.loblaws.ca/products/20102756/b1/en/front/20102756_front_a01_@2.png" srcset="https://assets.shop.loblaws.ca/products/20102756/b1/en/front/20102756_front_a01_@2.png 1x, https://assets.shop.loblaws.ca/products/20102756/b1/en/front/20102756_front_a01_@2.png 2x" loading="lazy" class="chakra-image css-oguq8l" aria-hidden="true"></div><div class="css-qoklea"><div class="css-12dchmx"></div><div data-testid="price-product-tile" class="css-8atqhb"><p class="chakra-text css-0"><span class="chakra-text css-pwnbcb" data-testid="regular-price"><span class="css-idkz9h">$2.29</span>$2.29</span></p></div><a href="/pure-white-vinegar-club-size/p/20102756_EA?source=nspt" class="chakra-linkbox__overlay css-1hnz6hu"><div class="css-0"><p class="chakra-text css-1ecdp9w" data-testid="product-brand">No Name</p><h3 class="chakra-heading css-6qrhwc" id="20102756_EA" data-testid="product-title">Pure White Vinegar Club Size</h3><p class="chakra-text css-1yftjin" data-testid="product-package-size">4 l, $0.06/100ml</p></div></a><div class="css-8keand"></div></div><div class="css-1q5omjq"><div class="css-fcebb8"><div data-testid="atc-compact" class="css-y94ivq" style="width: 45px;"><button type="button" class="chakra-button css-mudsm6" data-testid="atc-button"><svg stroke="currentColor" fill="currentColor" stroke-width="0" viewBox="0 0 24 24" focusable="false" class="chakra-icon css-1g3sp7a" data-testid="btn-icon" aria-hidden="true" height="1em" width="1em" xmlns="http://www.w3.org/2000/svg"><path d="M19 13h-6v6h-2v-6H5v-2h6V5h2v6h6v2z"></path></svg><span class="css-idkz9h">Add Pure White Vinegar Club Size to cart</span></button></div></div></div></div></div></li><li tabindex="-1" class="css-0"><div class="css-f5i5wc"><div class="chakra-linkbox css-vhnn8v"><div data-testid="product-image" class="css-16dr4ly"><img alt="No Name Pizza Mozzarella Cheese, 28% MF 700 g, $1.14/100g" src="https://assets.shop.loblaws.ca/products/20975887/b1/en/front/20975887_front_a01_@2.png" srcset="https://assets.shop.loblaws.ca/products/20975887/b1/en/front/20975887_front_a01_@2.png 1x, https://assets.shop.loblaws.ca/products/20975887/b1/en/front/20975887_front_a01_@2.png 2x" loading="lazy" class="chakra-image css-oguq8l" aria-hidden="true"></div><div class="css-qoklea"><div class="css-12dchmx"></div><div data-testid="price-product-tile" class="css-8atqhb"><p class="chakra-text css-0"><span class="chakra-text css-pwnbcb" data-testid="regular-price"><span class="css-idkz9h">$7.99</span>$7.99</span></p></div><a href="/pizza-mozzarella-cheese-28-mf/p/20975887_EA?source=nspt" class="chakra-linkbox__overlay css-1hnz6hu"><div class="css-0"><p class="chakra-text css-1ecdp9w" data-testid="product-brand">No Name</p><h3 class="chakra-heading css-6qrhwc" id="20975887_EA" data-testid="product-title">Pizza Mozzarella Cheese, 28% MF</h3><p class="chakra-text css-1yftjin" data-testid="product-package-size">700 g, $1.14/100g</p></div></a><div class="css-8keand"></div></div><div class="css-1q5omjq"><div class="css-fcebb8"><div data-testid="atc-compact" class="css-y94ivq" style="width: 45px;"><button type="button" class="chakra-button css-mudsm6" data-testid="atc-button"><svg stroke="currentColor" fill="currentColor" stroke-width="0" viewBox="0 0 24 24" focusable="false" class="chakra-icon css-1g3sp7a" data-testid="btn-icon" aria-hidden="true" height="1em" width="1em" xmlns="http://www.w3.org/2000/svg"><path d="M19 13h-6v6h-2v-6H5v-2h6V5h2v6h6v2z"></path></svg><span class="css-idkz9h">Add Pizza Mozzarella Cheese, 28% MF to cart</span></button></div></div></div></div></div></li></ul></div></div><div id=":rp:" class="css-0"> </div></div><section></section><section><div class="chakra-container css-1yvva6b" data-testid="product-carousel-skeleton"><div class="css-0"><div data-testid="headline-skeleton" class="css-1lekzkb"><div class="chakra-skeleton css-1owawte"></div><div class="chakra-skeleton css-5l70j4"></div></div><div class="css-k008qs"><div class="chakra-skeleton css-a9sh8e"></div></div></div><div class="css-1kybsb"><div data-testid="product-tile-skeleton" class="css-gjyizy"><div class="css-2eqptn"><div class="chakra-skeleton css-p3naht"></div><div class="chakra-skeleton css-1lsgna"></div></div><div class="css-8t32m0"><div class="chakra-skeleton css-iwsmz6"></div><div class="chakra-skeleton css-13fqsnp"></div><div class="chakra-skeleton css-172iylp"></div><div class="chakra-skeleton css-13fqsnp"></div></div></div><div data-testid="product-tile-skeleton" class="css-gjyizy"><div class="css-2eqptn"><div class="chakra-skeleton css-p3naht"></div><div class="chakra-skeleton css-1lsgna"></div></div><div class="css-8t32m0"><div class="chakra-skeleton css-iwsmz6"></div><div class="chakra-skeleton css-13fqsnp"></div><div class="chakra-skeleton css-172iylp"></div><div class="chakra-skeleton css-13fqsnp"></div></div></div><div data-testid="product-tile-skeleton" class="css-gjyizy"><div class="css-2eqptn"><div class="chakra-skeleton css-p3naht"></div><div class="chakra-skeleton css-1lsgna"></div></div><div class="css-8t32m0"><div class="chakra-skeleton css-iwsmz6"></div><div class="chakra-skeleton css-13fqsnp"></div><div class="chakra-skeleton css-172iylp"></div><div class="chakra-skeleton css-13fqsnp"></div></div></div><div data-testid="product-tile-skeleton" class="css-gjyizy"><div class="css-2eqptn"><div class="chakra-skeleton css-p3naht"></div><div class="chakra-skeleton css-1lsgna"></div></div><div class="css-8t32m0"><div class="chakra-skeleton css-iwsmz6"></div><div class="chakra-skeleton css-13fqsnp"></div><div class="chakra-skeleton css-172iylp"></div><div class="chakra-skeleton css-13fqsnp"></div></div></div><div data-testid="product-tile-skeleton" class="css-gjyizy"><div class="css-2eqptn"><div class="chakra-skeleton css-p3naht"></div><div class="chakra-skeleton css-1lsgna"></div></div><div class="css-8t32m0"><div class="chakra-skeleton css-iwsmz6"></div><div class="chakra-skeleton css-13fqsnp"></div><div class="chakra-skeleton css-172iylp"></div><div class="chakra-skeleton css-13fqsnp"></div></div></div><div data-testid="product-tile-skeleton" class="css-gjyizy"><div class="css-2eqptn"><div class="chakra-skeleton css-p3naht"></div><div class="chakra-skeleton css-1lsgna"></div></div><div class="css-8t32m0"><div class="chakra-skeleton css-iwsmz6"></div><div class="chakra-skeleton css-13fqsnp"></div><div class="chakra-skeleton css-172iylp"></div><div class="chakra-skeleton css-13fqsnp"></div></div></div><div data-testid="product-tile-skeleton" class="css-gjyizy"><div class="css-2eqptn"><div class="chakra-skeleton css-p3naht"></div><div class="chakra-skeleton css-1lsgna"></div></div><div class="css-8t32m0"><div class="chakra-skeleton css-iwsmz6"></div><div class="chakra-skeleton css-13fqsnp"></div><div class="chakra-skeleton css-172iylp"></div><div class="chakra-skeleton css-13fqsnp"></div></div></div><div data-testid="product-tile-skeleton" class="css-gjyizy"><div class="css-2eqptn"><div class="chakra-skeleton css-p3naht"></div><div class="chakra-skeleton css-1lsgna"></div></div><div class="css-8t32m0"><div class="chakra-skeleton css-iwsmz6"></div><div class="chakra-skeleton css-13fqsnp"></div><div class="chakra-skeleton css-172iylp"></div><div class="chakra-skeleton css-13fqsnp"></div></div></div><div data-testid="product-tile-skeleton" class="css-gjyizy"><div class="css-2eqptn"><div class="chakra-skeleton css-p3naht"></div><div class="chakra-skeleton css-1lsgna"></div></div><div class="css-8t32m0"><div class="chakra-skeleton css-iwsmz6"></div><div class="chakra-skeleton css-13fqsnp"></div><div class="chakra-skeleton css-172iylp"></div><div class="chakra-skeleton css-13fqsnp"></div></div></div><div data-testid="product-tile-skeleton" class="css-gjyizy"><div class="css-2eqptn"><div class="chakra-skeleton css-p3naht"></div><div class="chakra-skeleton css-1lsgna"></div></div><div class="css-8t32m0"><div class="chakra-skeleton css-iwsmz6"></div><div class="chakra-skeleton css-13fqsnp"></div><div class="chakra-skeleton css-172iylp"></div><div class="chakra-skeleton css-13fqsnp"></div></div></div></div></div></section><section><div class="chakra-container css-1yvva6b" data-testid="section"><div class="css-0"><div data-testid="headline-skeleton" class="css-1lekzkb"><div class="chakra-skeleton css-1owawte"></div><div class="chakra-skeleton css-5l70j4"></div></div><div class="css-k008qs"><div class="chakra-skeleton css-a9sh8e"></div></div></div><div data-testid="spotlight-skeleton" class="css-1sgy3jr"><div class="css-do86b6"><div class="chakra-skeleton css-6pcnng"></div><div class="css-6vln0l"><div class="chakra-skeleton css-uny4kg"></div><div class="chakra-skeleton css-y0q7fv"></div><div class="css-17xejub"></div><div class="chakra-skeleton css-1u38pz9"></div></div></div><div data-testid="product-grid" class="css-l77v97"><div class="css-0"><div data-testid="product-tile-skeleton" class="css-1vlaaab"><div class="css-2eqptn"><div class="chakra-skeleton css-p3naht"></div><div class="chakra-skeleton css-1lsgna"></div></div><div class="css-8t32m0"><div class="chakra-skeleton css-iwsmz6"></div><div class="chakra-skeleton css-13fqsnp"></div><div class="chakra-skeleton css-172iylp"></div><div class="chakra-skeleton css-13fqsnp"></div></div></div></div><div class="css-0"><div data-testid="product-tile-skeleton" class="css-1vlaaab"><div class="css-2eqptn"><div class="chakra-skeleton css-p3naht"></div><div class="chakra-skeleton css-1lsgna"></div></div><div class="css-8t32m0"><div class="chakra-skeleton css-iwsmz6"></div><div class="chakra-skeleton css-13fqsnp"></div><div class="chakra-skeleton css-172iylp"></div><div class="chakra-skeleton css-13fqsnp"></div></div></div></div><div class="css-0"><div data-testid="product-tile-skeleton" class="css-1vlaaab"><div class="css-2eqptn"><div class="chakra-skeleton css-p3naht"></div><div class="chakra-skeleton css-1lsgna"></div></div><div class="css-8t32m0"><div class="chakra-skeleton css-iwsmz6"></div><div class="chakra-skeleton css-13fqsnp"></div><div class="chakra-skeleton css-172iylp"></div><div class="chakra-skeleton css-13fqsnp"></div></div></div></div><div class="css-0"><div data-testid="product-tile-skeleton" class="css-1vlaaab"><div class="css-2eqptn"><div class="chakra-skeleton css-p3naht"></div><div class="chakra-skeleton css-1lsgna"></div></div><div class="css-8t32m0"><div class="chakra-skeleton css-iwsmz6"></div><div class="chakra-skeleton css-13fqsnp"></div><div class="chakra-skeleton css-172iylp"></div><div class="chakra-skeleton css-13fqsnp"></div></div></div></div><div class="css-0"><div data-testid="product-tile-skeleton" class="css-1vlaaab"><div class="css-2eqptn"><div class="chakra-skeleton css-p3naht"></div><div class="chakra-skeleton css-1lsgna"></div></div><div class="css-8t32m0"><div class="chakra-skeleton css-iwsmz6"></div><div class="chakra-skeleton css-13fqsnp"></div><div class="chakra-skeleton css-172iylp"></div><div class="chakra-skeleton css-13fqsnp"></div></div></div></div><div class="css-0"><div data-testid="product-tile-skeleton" class="css-1vlaaab"><div class="css-2eqptn"><div class="chakra-skeleton css-p3naht"></div><div class="chakra-skeleton css-1lsgna"></div></div><div class="css-8t32m0"><div class="chakra-skeleton css-iwsmz6"></div><div class="chakra-skeleton css-13fqsnp"></div><div class="chakra-skeleton css-172iylp"></div><div class="chakra-skeleton css-13fqsnp"></div></div></div></div></div></div></div></section><section><div class="chakra-container css-1yvva6b" data-testid="section"><div class="css-0"><div data-testid="headline-skeleton" class="css-1lekzkb"><div class="chakra-skeleton css-1owawte"></div><div class="chakra-skeleton css-5l70j4"></div></div><div class="css-k008qs"><div class="chakra-skeleton css-a9sh8e"></div></div></div><a class="chakra-link css-14qfziv" href="#:ra:">Skip undefined</a><div class="css-10cksfv"><div class="indiana-scroll-container"><div class="css-1g9fa9p"><div class="css-0"><div data-testid="mini-product-tile-skeleton" class="css-zb6z58"><div class="chakra-skeleton css-12z5krp"></div><div class="css-rue1b1"><div class="chakra-skeleton css-uu5ame"></div><div class="chakra-skeleton css-1dmuygw"></div><div class="chakra-skeleton css-1plvu8"></div></div><div class="css-qfdd9t"><div class="chakra-skeleton css-1xghl5w"></div></div></div></div><div class="css-0"><div data-testid="mini-product-tile-skeleton" class="css-zb6z58"><div class="chakra-skeleton css-12z5krp"></div><div class="css-rue1b1"><div class="chakra-skeleton css-uu5ame"></div><div class="chakra-skeleton css-1dmuygw"></div><div class="chakra-skeleton css-1plvu8"></div></div><div class="css-qfdd9t"><div class="chakra-skeleton css-1xghl5w"></div></div></div></div><div class="css-0"><div data-testid="mini-product-tile-skeleton" class="css-zb6z58"><div class="chakra-skeleton css-12z5krp"></div><div class="css-rue1b1"><div class="chakra-skeleton css-uu5ame"></div><div class="chakra-skeleton css-1dmuygw"></div><div class="chakra-skeleton css-1plvu8"></div></div><div class="css-qfdd9t"><div class="chakra-skeleton css-1xghl5w"></div></div></div></div><div class="css-0"><div data-testid="mini-product-tile-skeleton" class="css-zb6z58"><div class="chakra-skeleton css-12z5krp"></div><div class="css-rue1b1"><div class="chakra-skeleton css-uu5ame"></div><div class="chakra-skeleton css-1dmuygw"></div><div class="chakra-skeleton css-1plvu8"></div></div><div class="css-qfdd9t"><div class="chakra-skeleton css-1xghl5w"></div></div></div></div><div class="css-0"><div data-testid="mini-product-tile-skeleton" class="css-zb6z58"><div class="chakra-skeleton css-12z5krp"></div><div class="css-rue1b1"><div class="chakra-skeleton css-uu5ame"></div><div class="chakra-skeleton css-1dmuygw"></div><div class="chakra-skeleton css-1plvu8"></div></div><div class="css-qfdd9t"><div class="chakra-skeleton css-1xghl5w"></div></div></div></div><div class="css-0"><div data-testid="mini-product-tile-skeleton" class="css-zb6z58"><div class="chakra-skeleton css-12z5krp"></div><div class="css-rue1b1"><div class="chakra-skeleton css-uu5ame"></div><div class="chakra-skeleton css-1dmuygw"></div><div class="chakra-skeleton css-1plvu8"></div></div><div class="css-qfdd9t"><div class="chakra-skeleton css-1xghl5w"></div></div></div></div><div class="css-0"><div data-testid="mini-product-tile-skeleton" class="css-zb6z58"><div class="chakra-skeleton css-12z5krp"></div><div class="css-rue1b1"><div class="chakra-skeleton css-uu5ame"></div><div class="chakra-skeleton css-1dmuygw"></div><div class="chakra-skeleton css-1plvu8"></div></div><div class="css-qfdd9t"><div class="chakra-skeleton css-1xghl5w"></div></div></div></div><div class="css-0"><div data-testid="mini-product-tile-skeleton" class="css-zb6z58"><div class="chakra-skeleton css-12z5krp"></div><div class="css-rue1b1"><div class="chakra-skeleton css-uu5ame"></div><div class="chakra-skeleton css-1dmuygw"></div><div class="chakra-skeleton css-1plvu8"></div></div><div class="css-qfdd9t"><div class="chakra-skeleton css-1xghl5w"></div></div></div></div><div class="css-0"><div data-testid="mini-product-tile-skeleton" class="css-zb6z58"><div class="chakra-skeleton css-12z5krp"></div><div class="css-rue1b1"><div class="chakra-skeleton css-uu5ame"></div><div class="chakra-skeleton css-1dmuygw"></div><div class="chakra-skeleton css-1plvu8"></div></div><div class="css-qfdd9t"><div class="chakra-skeleton css-1xghl5w"></div></div></div></div></div></div></div><div id=":ra:" class="css-0"> </div></div></section><section><div class="chakra-container css-1yvva6b" data-testid="product-carousel-skeleton"><div class="css-0"><div data-testid="headline-skeleton" class="css-1lekzkb"><div class="chakra-skeleton css-1owawte"></div><div class="chakra-skeleton css-5l70j4"></div></div><div class="css-k008qs"><div class="chakra-skeleton css-a9sh8e"></div></div></div><div class="css-1kybsb"><div data-testid="product-tile-skeleton" class="css-gjyizy"><div class="css-2eqptn"><div class="chakra-skeleton css-p3naht"></div><div class="chakra-skeleton css-1lsgna"></div></div><div class="css-8t32m0"><div class="chakra-skeleton css-iwsmz6"></div><div class="chakra-skeleton css-13fqsnp"></div><div class="chakra-skeleton css-172iylp"></div><div class="chakra-skeleton css-13fqsnp"></div></div></div><div data-testid="product-tile-skeleton" class="css-gjyizy"><div class="css-2eqptn"><div class="chakra-skeleton css-p3naht"></div><div class="chakra-skeleton css-1lsgna"></div></div><div class="css-8t32m0"><div class="chakra-skeleton css-iwsmz6"></div><div class="chakra-skeleton css-13fqsnp"></div><div class="chakra-skeleton css-172iylp"></div><div class="chakra-skeleton css-13fqsnp"></div></div></div><div data-testid="product-tile-skeleton" class="css-gjyizy"><div class="css-2eqptn"><div class="chakra-skeleton css-p3naht"></div><div class="chakra-skeleton css-1lsgna"></div></div><div class="css-8t32m0"><div class="chakra-skeleton css-iwsmz6"></div><div class="chakra-skeleton css-13fqsnp"></div><div class="chakra-skeleton css-172iylp"></div><div class="chakra-skeleton css-13fqsnp"></div></div></div><div data-testid="product-tile-skeleton" class="css-gjyizy"><div class="css-2eqptn"><div class="chakra-skeleton css-p3naht"></div><div class="chakra-skeleton css-1lsgna"></div></div><div class="css-8t32m0"><div class="chakra-skeleton css-iwsmz6"></div><div class="chakra-skeleton css-13fqsnp"></div><div class="chakra-skeleton css-172iylp"></div><div class="chakra-skeleton css-13fqsnp"></div></div></div><div data-testid="product-tile-skeleton" class="css-gjyizy"><div class="css-2eqptn"><div class="chakra-skeleton css-p3naht"></div><div class="chakra-skeleton css-1lsgna"></div></div><div class="css-8t32m0"><div class="chakra-skeleton css-iwsmz6"></div><div class="chakra-skeleton css-13fqsnp"></div><div class="chakra-skeleton css-172iylp"></div><div class="chakra-skeleton css-13fqsnp"></div></div></div><div data-testid="product-tile-skeleton" class="css-gjyizy"><div class="css-2eqptn"><div class="chakra-skeleton css-p3naht"></div><div class="chakra-skeleton css-1lsgna"></div></div><div class="css-8t32m0"><div class="chakra-skeleton css-iwsmz6"></div><div class="chakra-skeleton css-13fqsnp"></div><div class="chakra-skeleton css-172iylp"></div><div class="chakra-skeleton css-13fqsnp"></div></div></div><div data-testid="product-tile-skeleton" class="css-gjyizy"><div class="css-2eqptn"><div class="chakra-skeleton css-p3naht"></div><div class="chakra-skeleton css-1lsgna"></div></div><div class="css-8t32m0"><div class="chakra-skeleton css-iwsmz6"></div><div class="chakra-skeleton css-13fqsnp"></div><div class="chakra-skeleton css-172iylp"></div><div class="chakra-skeleton css-13fqsnp"></div></div></div><div data-testid="product-tile-skeleton" class="css-gjyizy"><div class="css-2eqptn"><div class="chakra-skeleton css-p3naht"></div><div class="chakra-skeleton css-1lsgna"></div></div><div class="css-8t32m0"><div class="chakra-skeleton css-iwsmz6"></div><div class="chakra-skeleton css-13fqsnp"></div><div class="chakra-skeleton css-172iylp"></div><div class="chakra-skeleton css-13fqsnp"></div></div></div><div data-testid="product-tile-skeleton" class="css-gjyizy"><div class="css-2eqptn"><div class="chakra-skeleton css-p3naht"></div><div class="chakra-skeleton css-1lsgna"></div></div><div class="css-8t32m0"><div class="chakra-skeleton css-iwsmz6"></div><div class="chakra-skeleton css-13fqsnp"></div><div class="chakra-skeleton css-172iylp"></div><div class="chakra-skeleton css-13fqsnp"></div></div></div><div data-testid="product-tile-skeleton" class="css-gjyizy"><div class="css-2eqptn"><div class="chakra-skeleton css-p3naht"></div><div class="chakra-skeleton css-1lsgna"></div></div><div class="css-8t32m0"><div class="chakra-skeleton css-iwsmz6"></div><div class="chakra-skeleton css-13fqsnp"></div><div class="chakra-skeleton css-172iylp"></div><div class="chakra-skeleton css-13fqsnp"></div></div></div></div></div></section><section><div class="chakra-container css-1yvva6b" data-testid="menu-tile-carousel-skeleton"><div class="css-0"><div data-testid="headline-skeleton" class="css-1lekzkb"><div class="chakra-skeleton css-1owawte"></div><div class="chakra-skeleton css-5l70j4"></div></div><div class="css-k008qs"><div class="chakra-skeleton css-a9sh8e"></div></div></div><div class="css-15g2oxy"><a class="chakra-link css-14qfziv" href="#:rb:">Skip undefined</a><div class="css-10cksfv"><div class="indiana-scroll-container"><div data-testid="menu-tile-skeleton" class="css-69p6sx"><div class="chakra-skeleton css-jj5unb"></div><div class="chakra-skeleton css-10hlz2t"></div><div class="chakra-skeleton css-1ctv90n"></div></div><div data-testid="menu-tile-skeleton" class="css-69p6sx"><div class="chakra-skeleton css-jj5unb"></div><div class="chakra-skeleton css-10hlz2t"></div><div class="chakra-skeleton css-1ctv90n"></div></div><div data-testid="menu-tile-skeleton" class="css-69p6sx"><div class="chakra-skeleton css-jj5unb"></div><div class="chakra-skeleton css-10hlz2t"></div><div class="chakra-skeleton css-1ctv90n"></div></div><div data-testid="menu-tile-skeleton" class="css-69p6sx"><div class="chakra-skeleton css-jj5unb"></div><div class="chakra-skeleton css-10hlz2t"></div><div class="chakra-skeleton css-1ctv90n"></div></div><div data-testid="menu-tile-skeleton" class="css-69p6sx"><div class="chakra-skeleton css-jj5unb"></div><div class="chakra-skeleton css-10hlz2t"></div><div class="chakra-skeleton css-1ctv90n"></div></div><div data-testid="menu-tile-skeleton" class="css-69p6sx"><div class="chakra-skeleton css-jj5unb"></div><div class="chakra-skeleton css-10hlz2t"></div><div class="chakra-skeleton css-1ctv90n"></div></div><div data-testid="menu-tile-skeleton" class="css-69p6sx"><div class="chakra-skeleton css-jj5unb"></div><div class="chakra-skeleton css-10hlz2t"></div><div class="chakra-skeleton css-1ctv90n"></div></div><div data-testid="menu-tile-skeleton" class="css-69p6sx"><div class="chakra-skeleton css-jj5unb"></div><div class="chakra-skeleton css-10hlz2t"></div><div class="chakra-skeleton css-1ctv90n"></div></div><div data-testid="menu-tile-skeleton" class="css-69p6sx"><div class="chakra-skeleton css-jj5unb"></div><div class="chakra-skeleton css-10hlz2t"></div><div class="chakra-skeleton css-1ctv90n"></div></div><div data-testid="menu-tile-skeleton" class="css-69p6sx"><div class="chakra-skeleton css-jj5unb"></div><div class="chakra-skeleton css-10hlz2t"></div><div class="chakra-skeleton css-1ctv90n"></div></div><div data-testid="menu-tile-skeleton" class="css-69p6sx"><div class="chakra-skeleton css-jj5unb"></div><div class="chakra-skeleton css-10hlz2t"></div><div class="chakra-skeleton css-1ctv90n"></div></div><div data-testid="menu-tile-skeleton" class="css-69p6sx"><div class="chakra-skeleton css-jj5unb"></div><div class="chakra-skeleton css-10hlz2t"></div><div class="chakra-skeleton css-1ctv90n"></div></div><div data-testid="menu-tile-skeleton" class="css-69p6sx"><div class="chakra-skeleton css-jj5unb"></div><div class="chakra-skeleton css-10hlz2t"></div><div class="chakra-skeleton css-1ctv90n"></div></div><div data-testid="menu-tile-skeleton" class="css-69p6sx"><div class="chakra-skeleton css-jj5unb"></div><div class="chakra-skeleton css-10hlz2t"></div><div class="chakra-skeleton css-1ctv90n"></div></div><div data-testid="menu-tile-skeleton" class="css-69p6sx"><div class="chakra-skeleton css-jj5unb"></div><div class="chakra-skeleton css-10hlz2t"></div><div class="chakra-skeleton css-1ctv90n"></div></div></div></div><div id=":rb:" class="css-0"> </div></div></div></section><section><div class="chakra-container css-1yvva6b" data-testid="section"><div data-testid="hero-banner-skeleton" class="css-1mmkwav"><div class="chakra-stack css-trk8jf"><div class="chakra-skeleton css-1arcuy5"></div><div class="chakra-skeleton css-sa36xt"></div><div class="chakra-skeleton css-1vxsax6"></div><div class="chakra-skeleton css-1vxsax6"></div></div><div class="chakra-skeleton css-14o9jd7"></div></div></div></section><section><div class="chakra-container css-1yvva6b" data-testid="accordion-skeleton"><div class="css-k008qs"><div class="chakra-stack css-1e4lzu4"><div class="chakra-skeleton css-16lgzoz"></div><div class="chakra-skeleton css-1lsdn2q"></div><div class="chakra-skeleton css-1lsdn2q"></div></div></div></div></section><span id="__chakra_env" hidden=""></span></div></main></div><div class="site-layout__footer" data-auid="footer"><div class="site-footer-wrapper"><div class="site-footer-wrapper__footer"><footer class="site-footer" id="site-footer" role="contentinfo" aria-label="Footer"><div class="social-links"><a href="https://www.instagram.com/nofrillsca" aria-describedby="describe-link-opens-new-tab" target="_blank" rel="noopener noreferrer" class="social-links__link" data-track="footerSocialMediaLink" data-track-link-name="social-media-button-instagram" data-is-external-link="true"><img src="https://assets.shop.loblaws.ca/ContentMedia/lsl/icons/icon-sm-instagram.png" class="social-icon" alt="instagram"></a><a href="https://twitter.com/nofrillsCA" aria-describedby="describe-link-opens-new-tab" target="_blank" rel="noopener noreferrer" class="social-links__link" data-track="footerSocialMediaLink" data-track-link-name="social-media-button-twitter" data-is-external-link="true"><img src="https://assets.shop.loblaws.ca/ContentMedia/lsl/icons/icon-sm-twitter.png" class="social-icon" alt="twitter"></a><a href="https://www.facebook.com/nofrillsCA/" aria-describedby="describe-link-opens-new-tab" target="_blank" rel="noopener noreferrer" class="social-links__link" data-track="footerSocialMediaLink" data-track-link-name="social-media-button-facebook" data-is-external-link="true"><img src="https://assets.shop.loblaws.ca/ContentMedia/lsl/icons/icon-sm-facebook.png" class="social-icon" alt="facebook"></a></div><nav aria-label="Footer navigation"><div class="navigation-footer"><div class="navigation-footer__panel navigation-footer__panel--inactive" data-cruller="conditional-content-inactive"><span class="navigation-footer__panel__title navigation-footer__panel__title--text">About PC Express™</span><ul class="navigation-footer__panel__list"><li class="navigation-footer__panel__list__item"><a class="navigation-item navigation-item--navigation-footer" data-auid="click:all-about-pcx:faqs-link" data-track="data-track" data-track-link-name="about-pc-express™:faqs" href="/faq?icta=click:all-about-pcx:faqs">FAQs</a></li><li class="navigation-footer__panel__list__item"><a class="navigation-item navigation-item--navigation-footer" data-auid="click:all-about-pcx:pcx-online-grocery-link" data-track="data-track" data-track-link-name="about-pc-express™:how-it-works" href="/online-grocery-shopping?icta=click:all-about-pcx:pcx-online-grocery">How It Works</a></li><li class="navigation-footer__panel__list__item"><a class="navigation-item navigation-item--navigation-footer" data-auid="click:all-about-pcx:pickup-link" data-track="data-track" data-track-link-name="about-pc-express™:pickup" href="/online-grocery-shopping?icta=click:all-about-pcx:pickup">Pickup</a></li></ul></div><div class="navigation-footer__panel navigation-footer__panel--inactive" data-cruller="conditional-content-inactive"><span class="navigation-footer__panel__title navigation-footer__panel__title--text">Popular Categories</span><ul class="navigation-footer__panel__list"><li class="navigation-footer__panel__list__item"><a class="navigation-item navigation-item--navigation-footer" data-auid="click:shop-popular-categories:weekly-flyer-link" data-track="data-track" data-track-link-name="popular-categories:weekly-flyer" href="/deals/flyer?icta=click:shop-popular-categories:weekly-flyer">Weekly Flyer</a></li><li class="navigation-footer__panel__list__item"><a class="navigation-item navigation-item--navigation-footer" data-auid="click:shop-popular-categories:fruits-vegetables-link" data-track="data-track" data-track-link-name="popular-categories:fruits-&amp;-vegetables" href="/food/fruits-vegetables/c/28000?icta=click:shop-popular-categories:fruits-vegetables">Fruits &amp; Vegetables</a></li><li class="navigation-footer__panel__list__item"><a class="navigation-item navigation-item--navigation-footer" data-auid="click:shop-popular-categories:dairy-eggs-link" data-track="data-track" data-track-link-name="popular-categories:dairy-&amp;-eggs" href="/food/dairy-eggs/c/28003?icta=click:shop-popular-categories:dairy-eggs">Dairy &amp; Eggs</a></li><li class="navigation-footer__panel__list__item"><a class="navigation-item navigation-item--navigation-footer" data-auid="click:shop-popular-categories:pantry-link" data-track="data-track" data-track-link-name="popular-categories:pantry" href="/food/pantry/c/28006?icta=click:shop-popular-categories:pantry">Pantry</a></li><li class="navigation-footer__panel__list__item"><a class="navigation-item navigation-item--navigation-footer" data-auid="click:shop-popular-categories:meat-link" data-track="data-track" data-track-link-name="popular-categories:meat-" href="/meat/c/27998?icta=click:shop-popular-categories:meat">Meat </a></li><li class="navigation-footer__panel__list__item"><a class="navigation-item navigation-item--navigation-footer" data-auid="click:shop-popular-categories:bakery-link" data-track="data-track" data-track-link-name="popular-categories:bakery" href="/food/bakery/c/28002?icta=click:shop-popular-categories:bakery">Bakery</a></li><li class="navigation-footer__panel__list__item"><a class="navigation-item navigation-item--navigation-footer" data-auid="click:shop-popular-categories:joe-fresh-link" data-track="data-track" data-track-link-name="popular-categories:joe-fresh®" href="/joe-fresh/c/56017?icta=click:shop-popular-categories:joe-fresh">Joe Fresh®</a></li></ul></div><div class="navigation-footer__panel navigation-footer__panel--inactive" data-cruller="conditional-content-inactive"><span class="navigation-footer__panel__title navigation-footer__panel__title--text">More Services</span><ul class="navigation-footer__panel__list"><li class="navigation-footer__panel__list__item"><a class="navigation-item navigation-item--navigation-footer" data-auid="click:more-services:pcoi-link" data-track="data-track" data-track-link-name="more-services:pc-optimum-insiders™" href="/loyalty?icta=click:more-services:pcoi">PC Optimum Insiders™</a></li><li class="navigation-footer__panel__list__item"><a href="https://www.giftofchoice.ca/en/" aria-describedby="describe-link-opens-new-tab" target="_blank" rel="noopener noreferrer" class="navigation-item navigation-item--navigation-footer" data-auid="click:more-services:gift-cards-link" data-track="data-track" data-track-link-name="more-services:gift-cards" data-is-external-link="true">Gift Cards</a></li><li class="navigation-footer__panel__list__item"><a class="navigation-item navigation-item--navigation-footer" data-auid="click:more-services:pharmacy-link" data-track="data-track" data-track-link-name="more-services:pharmacy" href="/pharmacy?icta=click:more-services:pharmacy">Pharmacy</a></li><li class="navigation-footer__panel__list__item"><a href="https://www.photolab.ca/en-CA" aria-describedby="describe-link-opens-new-tab" target="_blank" rel="noopener noreferrer" class="navigation-item navigation-item--navigation-footer" data-auid="click:more-services:photo-lab-link" data-track="data-track" data-track-link-name="more-services:photo-lab" data-is-external-link="true">Photo Lab</a></li><li class="navigation-footer__panel__list__item"><a href="https://www.pcfinancial.ca/en/" aria-describedby="describe-link-opens-new-tab" target="_blank" rel="noopener noreferrer" class="navigation-item navigation-item--navigation-footer" data-auid="click:more-services:pcoi-link" data-track="data-track" data-track-link-name="more-services:pc-financial®" data-is-external-link="true">PC Financial®</a></li><li class="navigation-footer__panel__list__item"><a href="https://www.nonamemobile.ca/en/" aria-describedby="describe-link-opens-new-tab" target="_blank" rel="noopener noreferrer" class="navigation-item navigation-item--navigation-footer" data-auid="click:mobile-link" data-track="data-track" data-track-link-name="more-services:no-name™-mobile" data-is-external-link="true">no name™ mobile</a></li><li class="navigation-footer__panel__list__item"><a href="https://www.presidentschoice.ca/recipes" aria-describedby="describe-link-opens-new-tab" target="_blank" rel="noopener noreferrer" class="navigation-item navigation-item--navigation-footer" data-auid="click:more-services:recipes-link" data-track="data-track" data-track-link-name="more-services:recipes" data-is-external-link="true">Recipes</a></li></ul></div><div class="navigation-footer__panel navigation-footer__panel--inactive" data-cruller="conditional-content-inactive"><span class="navigation-footer__panel__title navigation-footer__panel__title--text">Partner with Us</span><ul class="navigation-footer__panel__list"><li class="navigation-footer__panel__list__item"><a href="https://www.loblawadvance.ca/" aria-describedby="describe-link-opens-new-tab" target="_blank" rel="noopener noreferrer" class="navigation-item navigation-item--navigation-footer" data-auid="click:partner-with-us:advertise-with-loblaw-media-link" data-track="data-track" data-track-link-name="partner-with-us:advertise-with-advance-powered-by-loblaw™" data-is-external-link="true">Advertise with Advance powered by Loblaw™</a></li></ul></div><div class="navigation-footer__panel navigation-footer__panel--inactive" data-cruller="conditional-content-inactive"><span class="navigation-footer__panel__title navigation-footer__panel__title--text">About Us</span><ul class="navigation-footer__panel__list"><li class="navigation-footer__panel__list__item"><a class="navigation-item navigation-item--navigation-footer" data-auid="click:about-us:who-we-are-link" data-track="data-track" data-track-link-name="about-us:who-we-are" href="/about?icta=click:about-us:who-we-are">Who We Are</a></li><li class="navigation-footer__panel__list__item"><a href="https://www.pcchildrenscharity.ca/" aria-describedby="describe-link-opens-new-tab" target="_blank" rel="noopener noreferrer" class="navigation-item navigation-item--navigation-footer" data-auid="click:about-us:charity-community-link" data-track="data-track" data-track-link-name="about-us:charity-&amp;-community" data-is-external-link="true">Charity &amp; Community</a></li><li class="navigation-footer__panel__list__item"><a href="https://www.loblaw.ca/en/responsibility" aria-describedby="describe-link-opens-new-tab" target="_blank" rel="noopener noreferrer" class="navigation-item navigation-item--navigation-footer" data-auid="click:about-us:corporate-social-responsibility-link" data-track="data-track" data-track-link-name="about-us:corporate-social-responsibility" data-is-external-link="true">Corporate Social Responsibility</a></li><li class="navigation-footer__panel__list__item"><a href="/our-stores?icta=click:about-us:partner-stores" aria-describedby="describe-link-opens-new-tab" target="_blank" rel="noopener noreferrer" class="navigation-item navigation-item--navigation-footer" data-auid="click:about-us:partner-stores-link" data-track="data-track" data-track-link-name="about-us:partner-stores" data-is-external-link="true">Partner stores</a></li><li class="navigation-footer__panel__list__item"><a class="navigation-item navigation-item--navigation-footer" data-auid="click:about-us:store-locator-link" data-track="data-track" data-track-link-name="about-us:store-locator" href="/store-locator?icta=click:about-us:store-locator">Store Locator</a></li><li class="navigation-footer__panel__list__item"><a class="navigation-item navigation-item--navigation-footer" data-auid="click:about-us:contact-us-link" data-track="data-track" data-track-link-name="about-us:contact-us" href="/contact-us?icta=click:about-us:contact-us">Contact Us</a></li><li class="navigation-footer__panel__list__item"><a href="https://www.loblaw.ca/en/legal/" aria-describedby="describe-link-opens-new-tab" target="_blank" rel="noopener noreferrer" class="navigation-item navigation-item--navigation-footer" data-auid="click:legal-link" data-track="data-track" data-track-link-name="about-us:legal" data-is-external-link="true">Legal</a></li><li class="navigation-footer__panel__list__item"><a href="https://www.loblaw.ca/en/life-at-loblaw" aria-describedby="describe-link-opens-new-tab" target="_blank" rel="noopener noreferrer" class="navigation-item navigation-item--navigation-footer" data-auid="click:about-us:careers-link" data-track="data-track" data-track-link-name="about-us:careers" data-is-external-link="true">Careers</a></li><li class="navigation-footer__panel__list__item"><a href="https://loblaw.force.com/nofrills/s/?language=en_US" aria-describedby="describe-link-opens-new-tab" target="_blank" rel="noopener noreferrer" class="navigation-item navigation-item--navigation-footer" data-auid="click:about-us:help-centre-link" data-track="data-track" data-track-link-name="about-us:help-centre" data-is-external-link="true">Help Centre</a></li></ul></div></div></nav><div class="content-footer"><ul class="content-footer__list"><li class="content-footer__list__item"></li><li class="content-footer__list__item"></li><li class="content-footer__list__item"><a href="https://www.loblaw.ca/en/privacy-policy" aria-describedby="describe-link-opens-new-tab" target="_blank" rel="noopener noreferrer" class="navigation-item navigation-item--content-footer__list__item__link" data-auid="privacy-policy-link" data-is-external-link="true">Privacy Policy</a></li><li class="content-footer__list__item"></li><li class="content-footer__list__item"><a href="/termsofuse?icta=click:legal:terms-of-use" aria-describedby="describe-link-opens-new-tab" target="_blank" rel="noopener noreferrer" class="navigation-item navigation-item--content-footer__list__item__link" data-auid="terms-of-use-link" data-is-external-link="true">Terms of Use*</a></li><li class="content-footer__list__item"></li><li class="content-footer__list__item"><a class="navigation-item navigation-item--content-footer__list__item__link" data-auid="accessibility-link" href="/accessibility?icta=click:legal:accessibility">Accessibility</a></li><li class="content-footer__list__item"></li><li class="content-footer__list__item"></li><li class="content-footer__list__item"><a class="navigation-item navigation-item--content-footer__list__item__link" data-auid="wont-be-beat-link" href="/wont-be-beat">WON'T BE BEAT®*</a></li><li class="content-footer__list__item"></li></ul><span class="copyright-formality">© Loblaws Inc. All Rights Reserved</span></div></footer></div></div></div><div class="screen-reader-elements"><div id="describe-link-opens-new-tab">Opens in new tab</div></div> <div class="aria-live" role="" aria-atomic="true"></div></div></div>
        <div id="privacy-policy"></div>
        <div class="ad-box" id="test-ad" style="position:fixed;top:0;left:0;" aria-hidden="true"></div>
        
        <script defer="" type="text/javascript" src="https://static.zuora.com/Resources/libs/hosted/1.3.1/zuora-min.js"></script>
        
        <script>
            window['ldBronxCDNPath'] = 'https://assets.loblaws.ca/pcx_bronx_fe_prod/builds/production/3.53.6/8bd42f38/nofrills';
            window['ldBronxAppBundle'] = 'https://assets.loblaws.ca/pcx_bronx_fe_prod/builds/production/3.53.6/8bd42f38/nofrills/nofrills-bundle.js';
        </script>
        <script src="/static/js/pcx_common.js" fetchpriority="high"></script>
        <script async="true" src="https://assets.loblaws.ca/pcx_bronx_fe_prod/builds/production/3.53.6/8bd42f38/nofrills/nofrills-vendor.bundle.js" fetchpriority="high"></script>
    <noscript><img src="https://www.nofrills.ca/akam/13/pixel_5aa283a0?a=dD02NTc2YmYwMzA3NDk0ZGZhOGQyNDUxZGJhMjk5MGFkMDViODI5ZWU2JmpzPW9mZg==" style="visibility: hidden; position: absolute; left: -999px; top: -999px;" /></noscript><script type="text/javascript" src="/MQ1gKuke97Mw06wABUExKdfV/kYYGtp0LEzfm/LgkyW3ReUgE/Alg/WT0BxHTU"></script>

<div style="display: none; visibility: hidden;">
<script>!function(b,e,f,g,a,c,d){b.fbq||(a=b.fbq=function(){a.callMethod?a.callMethod.apply(a,arguments):a.queue.push(arguments)},b._fbq||(b._fbq=a),a.push=a,a.loaded=!0,a.version="2.0",a.queue=[],c=e.createElement(f),c.async=!0,c.src=g,d=e.getElementsByTagName(f)[0],d.parentNode.insertBefore(c,d))}(window,document,"script","https://connect.facebook.net/en_US/fbevents.js");fbq("init","611159122717147");fbq("init","408759993146884");fbq("track","PageView");</script>
<noscript></noscript>
</div><div id="onetrust-consent-sdk"><div class="onetrust-pc-dark-filter ot-hide ot-fade-in" style="display: none;
                    transition: visibility 0s 400ms, opacity 400ms linear;
                    opacity: 0;visibility: hidden;"></div><div id="onetrust-banner-sdk" class="otFlat bottom vertical-align-content" tabindex="0" role="region" aria-label="We respect your privacy" style="display: none;bottom: 0px;visibility: hidden;
                    opacity: 0;transition: visibility 0s 400ms, opacity 400ms linear;"><div role="dialog" aria-label="We respect your privacy"><div class="ot-sdk-container"><div class="ot-sdk-row"><div id="onetrust-group-container" class="ot-sdk-eight ot-sdk-columns"><div class="banner_logo"></div><div id="onetrust-policy"><h2 id="onetrust-policy-title">We respect your privacy</h2><div id="onetrust-policy-text">We use cookies and other technologies to operate our website(s), improve usability and personalize your experience. To learn more about how we collect and protect your data, visit the <a class="ot-cookie-policy-link" href="https://www.loblaw.ca/en/privacy-policy/" aria-label="Loblaw Privacy Policy, opens in a new tab" rel="noopener" target="_blank">Loblaw Privacy Policy</a></div></div></div><div id="onetrust-button-group-parent" class="ot-sdk-three ot-sdk-columns"><div id="onetrust-button-group">  <button id="onetrust-accept-btn-handler"> Close</button></div></div></div></div><!-- Close Button --><div id="onetrust-close-btn-container"></div><!-- Close Button END--></div></div><div id="onetrust-pc-sdk" class="otPcCenter ot-hide ot-fade-in" lang="en" aria-label="Cookie settings" role="region" style="display: none;
                    transition: visibility 0s 400ms, opacity 400ms linear;
                    opacity: 0;visibility: hidden;"><div role="dialog" aria-modal="true" style="height: 100%;" aria-label="Cookie settings"><!-- Close Button --><div class="ot-pc-header"><!-- Logo Tag --><div class="ot-pc-logo" role="img" aria-label="Company Logo"><img alt="Company Logo" src="https://cdn.cookielaw.org/logos/static/ot_company_logo.png"></div></div><!-- Close Button --><div id="ot-pc-content" class="ot-pc-scrollbar ot-enbl-chr"><div class="ot-optout-signal ot-hide"><div class="ot-optout-icon"><svg xmlns="http://www.w3.org/2000/svg"><path class="ot-floating-button__svg-fill" d="M14.588 0l.445.328c1.807 1.303 3.961 2.533 6.461 3.688 2.015.93 4.576 1.746 7.682 2.446 0 14.178-4.73 24.133-14.19 29.864l-.398.236C4.863 30.87 0 20.837 0 6.462c3.107-.7 5.668-1.516 7.682-2.446 2.709-1.251 5.01-2.59 6.906-4.016zm5.87 13.88a.75.75 0 00-.974.159l-5.475 6.625-3.005-2.997-.077-.067a.75.75 0 00-.983 1.13l4.172 4.16 6.525-7.895.06-.083a.75.75 0 00-.16-.973z" fill="#FFF" fill-rule="evenodd"></path></svg></div><span></span></div><h2 id="ot-pc-title">Cookie settings</h2><div id="ot-pc-desc">Our website(s) use cookies to help us collect and store important information about you and your browsing activity. We use this information to improve usability, maintain security, personalize your experience and for marketing purposes.</div><section class="ot-sdk-row ot-cat-grp"><h3 id="ot-category-title">Manage your settings</h3><div class="ot-accordion-layout ot-cat-item ot-vs-config" data-optanongroupid="C0001"><button aria-expanded="false" ot-accordion="true" aria-controls="ot-desc-id-C0001" aria-labelledby="ot-header-id-C0001 ot-status-id-C0001"></button><!-- Accordion header --><div class="ot-acc-hdr ot-always-active-group"><h4 class="ot-cat-header" id="ot-header-id-C0001">Essential cookie</h4><div id="ot-status-id-C0001" class="ot-always-active">Always active</div><div class="ot-arw-cntr"><svg class="ot-arw" aria-hidden="true" focusable="false" data-prefix="fas" data-icon="caret-right" role="img" xmlns="http://www.w3.org/2000/svg" viewBox="0 0 192 512"><path fill="currentColor" d="M166.9 264.5l-117.8 116c-4.7 4.7-12.3 4.7-17 0l-7.1-7.1c-4.7-4.7-4.7-12.3 0-17L127.3 256 25.1 155.6c-4.7-4.7-4.7-12.3 0-17l7.1-7.1c4.7-4.7 12.3-4.7 17 0l117.8 116c4.6 4.7 4.6 12.3-.1 17z"></path></svg></div></div><!-- accordion detail --><div class="ot-acc-grpcntr ot-acc-txt"><p class="ot-acc-grpdesc ot-category-desc" id="ot-desc-id-C0001">These cookies are required for our website(s) to function and are set to provide the actions you’ve requested such as setting your privacy preferences, filling out forms, or logging in.  </p></div></div><div class="ot-accordion-layout ot-cat-item ot-vs-config" data-optanongroupid="C0002"><button aria-expanded="false" ot-accordion="true" aria-controls="ot-desc-id-C0002" aria-labelledby="ot-header-id-C0002"></button><!-- Accordion header --><div class="ot-acc-hdr"><h4 class="ot-cat-header" id="ot-header-id-C0002">Performance cookies</h4><div class="ot-tgl"><input type="checkbox" name="ot-group-id-C0002" id="ot-group-id-C0002" role="switch" class="category-switch-handler" data-optanongroupid="C0002" checked="" aria-labelledby="ot-header-id-C0002"> <label class="ot-switch" for="ot-group-id-C0002"><span class="ot-switch-nob"></span> <span class="ot-label-txt">Performance cookies</span></label> </div><div class="ot-arw-cntr"><svg class="ot-arw" aria-hidden="true" focusable="false" data-prefix="fas" data-icon="caret-right" role="img" xmlns="http://www.w3.org/2000/svg" viewBox="0 0 192 512"><path fill="currentColor" d="M166.9 264.5l-117.8 116c-4.7 4.7-12.3 4.7-17 0l-7.1-7.1c-4.7-4.7-4.7-12.3 0-17L127.3 256 25.1 155.6c-4.7-4.7-4.7-12.3 0-17l7.1-7.1c4.7-4.7 12.3-4.7 17 0l117.8 116c4.6 4.7 4.6 12.3-.1 17z"></path></svg></div></div><!-- accordion detail --><div class="ot-acc-grpcntr ot-acc-txt"><p class="ot-acc-grpdesc ot-category-desc" id="ot-desc-id-C0002">These cookies allow us to count visits and traffic sources so we can measure performance. They help us understand how users navigate our website(s) and which pages are popular or not so we can improve the experience.  </p></div></div><div class="ot-accordion-layout ot-cat-item ot-vs-config" data-optanongroupid="C0003"><button aria-expanded="false" ot-accordion="true" aria-controls="ot-desc-id-C0003" aria-labelledby="ot-header-id-C0003"></button><!-- Accordion header --><div class="ot-acc-hdr"><h4 class="ot-cat-header" id="ot-header-id-C0003">Functional cookies</h4><div class="ot-tgl"><input type="checkbox" name="ot-group-id-C0003" id="ot-group-id-C0003" role="switch" class="category-switch-handler" data-optanongroupid="C0003" checked="" aria-labelledby="ot-header-id-C0003"> <label class="ot-switch" for="ot-group-id-C0003"><span class="ot-switch-nob"></span> <span class="ot-label-txt">Functional cookies</span></label> </div><div class="ot-arw-cntr"><svg class="ot-arw" aria-hidden="true" focusable="false" data-prefix="fas" data-icon="caret-right" role="img" xmlns="http://www.w3.org/2000/svg" viewBox="0 0 192 512"><path fill="currentColor" d="M166.9 264.5l-117.8 116c-4.7 4.7-12.3 4.7-17 0l-7.1-7.1c-4.7-4.7-4.7-12.3 0-17L127.3 256 25.1 155.6c-4.7-4.7-4.7-12.3 0-17l7.1-7.1c4.7-4.7 12.3-4.7 17 0l117.8 116c4.6 4.7 4.6 12.3-.1 17z"></path></svg></div></div><!-- accordion detail --><div class="ot-acc-grpcntr ot-acc-txt"><p class="ot-acc-grpdesc ot-category-desc" id="ot-desc-id-C0003">These cookies enable us to improve the functionality and personalization of our website(s). They may be set by us or by third party providers whose services we have added to our pages. If you do not allow these cookies, some services may not function properly. </p></div></div><div class="ot-accordion-layout ot-cat-item ot-vs-config" data-optanongroupid="C0004"><button aria-expanded="false" ot-accordion="true" aria-controls="ot-desc-id-C0004" aria-labelledby="ot-header-id-C0004"></button><!-- Accordion header --><div class="ot-acc-hdr"><h4 class="ot-cat-header" id="ot-header-id-C0004">Advertising cookies</h4><div class="ot-tgl"><input type="checkbox" name="ot-group-id-C0004" id="ot-group-id-C0004" role="switch" class="category-switch-handler" data-optanongroupid="C0004" checked="" aria-labelledby="ot-header-id-C0004"> <label class="ot-switch" for="ot-group-id-C0004"><span class="ot-switch-nob"></span> <span class="ot-label-txt">Advertising cookies</span></label> </div><div class="ot-arw-cntr"><svg class="ot-arw" aria-hidden="true" focusable="false" data-prefix="fas" data-icon="caret-right" role="img" xmlns="http://www.w3.org/2000/svg" viewBox="0 0 192 512"><path fill="currentColor" d="M166.9 264.5l-117.8 116c-4.7 4.7-12.3 4.7-17 0l-7.1-7.1c-4.7-4.7-4.7-12.3 0-17L127.3 256 25.1 155.6c-4.7-4.7-4.7-12.3 0-17l7.1-7.1c4.7-4.7 12.3-4.7 17 0l117.8 116c4.6 4.7 4.6 12.3-.1 17z"></path></svg></div></div><!-- accordion detail --><div class="ot-acc-grpcntr ot-acc-txt"><p class="ot-acc-grpdesc ot-category-desc" id="ot-desc-id-C0004">These cookies are set by us and our advertising partners to create profiles regarding your browsing interest and behaviour to customize the ads you see on other websites.  </p></div></div><!-- Groups sections starts --><!-- Group section ends --><!-- Accordion Group section starts --><!-- Accordion Group section ends --></section></div><section id="ot-pc-lst" class="ot-hide ot-hosts-ui ot-pc-scrollbar ot-enbl-chr"><div id="ot-pc-hdr"><div id="ot-lst-title"><button class="ot-link-btn back-btn-handler" aria-label="Back"><svg id="ot-back-arw" xmlns="http://www.w3.org/2000/svg" xmlns:xlink="http://www.w3.org/1999/xlink" x="0px" y="0px" viewBox="0 0 444.531 444.531" xml:space="preserve"><title>Back Button</title><g><path fill="#656565" d="M213.13,222.409L351.88,83.653c7.05-7.043,10.567-15.657,10.567-25.841c0-10.183-3.518-18.793-10.567-25.835
                    l-21.409-21.416C323.432,3.521,314.817,0,304.637,0s-18.791,3.521-25.841,10.561L92.649,196.425
                    c-7.044,7.043-10.566,15.656-10.566,25.841s3.521,18.791,10.566,25.837l186.146,185.864c7.05,7.043,15.66,10.564,25.841,10.564
                    s18.795-3.521,25.834-10.564l21.409-21.412c7.05-7.039,10.567-15.604,10.567-25.697c0-10.085-3.518-18.746-10.567-25.978
                    L213.13,222.409z"></path></g></svg></button><h3>Cookie List</h3></div><div class="ot-lst-subhdr"><div class="ot-search-cntr"><p role="status" class="ot-scrn-rdr"></p><input id="vendor-search-handler" type="text" name="vendor-search-handler" placeholder="Search…" aria-label="Cookie list search"> <svg xmlns="http://www.w3.org/2000/svg" xmlns:xlink="http://www.w3.org/1999/xlink" x="0px" y="0px" viewBox="0 -30 110 110" aria-hidden="true"><title>Search Icon</title><path fill="#2e3644" d="M55.146,51.887L41.588,37.786c3.486-4.144,5.396-9.358,5.396-14.786c0-12.682-10.318-23-23-23s-23,10.318-23,23
            s10.318,23,23,23c4.761,0,9.298-1.436,13.177-4.162l13.661,14.208c0.571,0.593,1.339,0.92,2.162,0.92
            c0.779,0,1.518-0.297,2.079-0.837C56.255,54.982,56.293,53.08,55.146,51.887z M23.984,6c9.374,0,17,7.626,17,17s-7.626,17-17,17
            s-17-7.626-17-17S14.61,6,23.984,6z"></path></svg></div><div class="ot-fltr-cntr"><button id="filter-btn-handler" aria-label="Filter" aria-haspopup="true"><svg role="presentation" aria-hidden="true" xmlns="http://www.w3.org/2000/svg" xmlns:xlink="http://www.w3.org/1999/xlink" x="0px" y="0px" viewBox="0 0 402.577 402.577" xml:space="preserve"><title>Filter Icon</title><g><path fill="#fff" d="M400.858,11.427c-3.241-7.421-8.85-11.132-16.854-11.136H18.564c-7.993,0-13.61,3.715-16.846,11.136
      c-3.234,7.801-1.903,14.467,3.999,19.985l140.757,140.753v138.755c0,4.955,1.809,9.232,5.424,12.854l73.085,73.083
      c3.429,3.614,7.71,5.428,12.851,5.428c2.282,0,4.66-0.479,7.135-1.43c7.426-3.238,11.14-8.851,11.14-16.845V172.166L396.861,31.413
      C402.765,25.895,404.093,19.231,400.858,11.427z"></path></g></svg></button></div><div id="ot-anchor"></div><section id="ot-fltr-modal"><div id="ot-fltr-cnt"><button id="clear-filters-handler">Clear</button><div class="ot-fltr-scrlcnt ot-pc-scrollbar"><div class="ot-fltr-opts"><div class="ot-fltr-opt"><div class="ot-chkbox"><input id="chkbox-id" type="checkbox" class="category-filter-handler"> <label for="chkbox-id"><span class="ot-label-txt">checkbox label</span></label> <span class="ot-label-status">label</span></div></div></div><div class="ot-fltr-btns"><button id="filter-apply-handler">Apply</button> <button id="filter-cancel-handler">Cancel</button></div></div></div></section></div></div><section id="ot-lst-cnt" class="ot-host-cnt ot-pc-scrollbar"><div id="ot-sel-blk"><div class="ot-sel-all"><div class="ot-sel-all-hdr"><span class="ot-consent-hdr">Consent</span> <span class="ot-li-hdr">Leg.Interest</span></div><div class="ot-sel-all-chkbox"><div class="ot-chkbox" id="ot-selall-hostcntr"><input id="select-all-hosts-groups-handler" type="checkbox"> <label for="select-all-hosts-groups-handler"><span class="ot-label-txt">checkbox label</span></label> <span class="ot-label-status">label</span></div><div class="ot-chkbox" id="ot-selall-vencntr"><input id="select-all-vendor-groups-handler" type="checkbox"> <label for="select-all-vendor-groups-handler"><span class="ot-label-txt">checkbox label</span></label> <span class="ot-label-status">label</span></div><div class="ot-chkbox" id="ot-selall-licntr"><input id="select-all-vendor-leg-handler" type="checkbox"> <label for="select-all-vendor-leg-handler"><span class="ot-label-txt">checkbox label</span></label> <span class="ot-label-status">label</span></div></div></div></div><div class="ot-sdk-row"><div class="ot-sdk-column"></div></div></section></section><div class="ot-pc-footer ot-pc-scrollbar"><div class="ot-btn-container"> <button class="save-preference-btn-handler onetrust-close-btn-handler">Confirm settings</button></div><!-- Footer logo --><div class="ot-pc-footer-logo"><a href="https://www.onetrust.com/products/cookie-consent/" target="_blank" rel="noopener noreferrer" aria-label="Powered by OneTrust Opens in a new Tab"><img alt="Powered by Onetrust" src="https://cdn.cookielaw.org/logos/static/powered_by_logo.svg" title="Powered by OneTrust Opens in a new Tab"></a></div></div><!-- Cookie subgroup container --><!-- Vendor list link --><!-- Cookie lost link --><!-- Toggle HTML element --><!-- Checkbox HTML --><!-- plus minus--><!-- Arrow SVG element --><!-- Accordion basic element --><span class="ot-scrn-rdr" aria-atomic="true" aria-live="polite">Your Privacy [`dialog closed`]</span><!-- Vendor Service container and item template --></div><iframe class="ot-text-resize" sandbox="allow-same-origin" title="onetrust-text-resize" style="position: absolute; top: -50000px; width: 100em;" aria-hidden="true"></iframe></div></div><div><div class="rc-drawer rc-drawer-right" tabindex="-1"><div tabindex="0" aria-hidden="true" data-sentinel="start" style="width: 0px; height: 0px; overflow: hidden; outline: none; position: absolute;"></div><div class="rc-drawer-content-wrapper" style="width: 378px; display: none;"><div class="rc-drawer-content css-0" aria-modal="true" role="dialog"><div class="css-79elbk"></div></div></div><div tabindex="0" aria-hidden="true" data-sentinel="end" style="width: 0px; height: 0px; overflow: hidden; outline: none; position: absolute;"></div></div></div><div><div class="rc-drawer rc-drawer-right" tabindex="-1"><div tabindex="0" aria-hidden="true" data-sentinel="start" style="width: 0px; height: 0px; overflow: hidden; outline: none; position: absolute;"></div><div class="rc-drawer-content-wrapper" style="width: 378px; display: none;"><div class="rc-drawer-content css-0" aria-modal="true" role="dialog"><div class="css-79elbk"></div></div></div><div tabindex="0" aria-hidden="true" data-sentinel="end" style="width: 0px; height: 0px; overflow: hidden; outline: none; position: absolute;"></div></div></div><div style="display: none; visibility: hidden;">
<script>!function(b,e,f,g,a,c,d){b.fbq||(a=b.fbq=function(){a.callMethod?a.callMethod.apply(a,arguments):a.queue.push(arguments)},b._fbq||(b._fbq=a),a.push=a,a.loaded=!0,a.version="2.0",a.queue=[],c=e.createElement(f),c.async=!0,c.src=g,d=e.getElementsByTagName(f)[0],d.parentNode.insertBefore(c,d))}(window,document,"script","https://connect.facebook.net/en_US/fbevents.js");fbq("init","611159122717147");fbq("init","408759993146884");fbq("track","PageView");</script>
<noscript></noscript>
</div>

<script type="text/javascript" id="">window.cj||(window.cj={});cj.sitePage={enterpriseId:1564128,pageType:google_tag_manager["rm"]["11053470"](11),userId:google_tag_manager["rm"]["11053470"](12),items:google_tag_manager["rm"]["11053470"](14)};</script>
<script type="text/javascript" id="">(function(b,d,c,a){b="https://www.mczbf.com/tags/238334430579/tag.js";d=document;c="script";a=d.createElement(c);a.src=b;a.type="text/java"+c;a.async=!0;a.id="cjapitag";b=d.getElementsByTagName(c)[0];b.parentNode.insertBefore(a,b)})();</script>

 <script type="text/javascript" id="">!function(d,g,e){d.TiktokAnalyticsObject=e;var a=d[e]=d[e]||[];a.methods="page track identify instances debug on off once ready alias group enableCookie disableCookie".split(" ");a.setAndDefer=function(b,c){b[c]=function(){b.push([c].concat(Array.prototype.slice.call(arguments,0)))}};for(d=0;d<a.methods.length;d++)a.setAndDefer(a,a.methods[d]);a.instance=function(b){b=a._i[b]||[];for(var c=0;c<a.methods.length;c++)a.setAndDefer(b,a.methods[c]);return b};a.load=function(b,c){var f="https://analytics.tiktok.com/i18n/pixel/events.js";
a._i=a._i||{};a._i[b]=[];a._i[b]._u=f;a._t=a._t||{};a._t[b]=+new Date;a._o=a._o||{};a._o[b]=c||{};c=document.createElement("script");c.type="text/javascript";c.async=!0;c.src=f+"?sdkid\x3d"+b+"\x26lib\x3d"+e;b=document.getElementsByTagName("script")[0];b.parentNode.insertBefore(c,b)};a.load("C2EM3DIQV140ORDIO5L0");a.page()}(window,document,"ttq");</script><script type="text/javascript" id="" src="https://resources.digital-cloud.medallia.ca/wdccan/3970/onsite/embed.js"></script><div class="chakra-portal"><ul role="region" aria-live="polite" id="chakra-toast-manager-top" style="position: fixed; z-index: 5500; pointer-events: none; display: flex; flex-direction: column; margin: 0px auto; top: env(safe-area-inset-top, 0px); right: env(safe-area-inset-right, 0px); left: env(safe-area-inset-left, 0px);"></ul><ul role="region" aria-live="polite" id="chakra-toast-manager-top-left" style="position: fixed; z-index: 5500; pointer-events: none; display: flex; flex-direction: column; top: env(safe-area-inset-top, 0px); left: env(safe-area-inset-left, 0px);"></ul><ul role="region" aria-live="polite" id="chakra-toast-manager-top-right" style="position: fixed; z-index: 5500; pointer-events: none; display: flex; flex-direction: column; top: env(safe-area-inset-top, 0px); right: env(safe-area-inset-right, 0px);"></ul><ul role="region" aria-live="polite" id="chakra-toast-manager-bottom-left" style="position: fixed; z-index: 5500; pointer-events: none; display: flex; flex-direction: column; bottom: env(safe-area-inset-bottom, 0px); left: env(safe-area-inset-left, 0px);"></ul><ul role="region" aria-live="polite" id="chakra-toast-manager-bottom" style="position: fixed; z-index: 5500; pointer-events: none; display: flex; flex-direction: column; margin: 0px auto; bottom: env(safe-area-inset-bottom, 0px); right: env(safe-area-inset-right, 0px); left: env(safe-area-inset-left, 0px);"></ul><ul role="region" aria-live="polite" id="chakra-toast-manager-bottom-right" style="position: fixed; z-index: 5500; pointer-events: none; display: flex; flex-direction: column; bottom: env(safe-area-inset-bottom, 0px); right: env(safe-area-inset-right, 0px);"></ul></div><iframe allow="join-ad-interest-group" data-tagging-id="G-B9WFKJZHQ5" data-load-time="1720687757021" height="0" width="0" src="https://td.doubleclick.net/td/ga/rul?tid=G-B9WFKJZHQ5&amp;gacid=586012090.1720687757&amp;gtm=45je4790v874079997z8811053470za200zb811053470&amp;dma=0&amp;gcd=13l3l3l3l1&amp;npa=0&amp;pscdl=noapi&amp;aip=1&amp;fledge=1&amp;frm=0&amp;z=315813020" style="display: none; visibility: hidden;"></iframe><iframe allow="join-ad-interest-group" data-tagging-id="AW-10899923854/cIuBCL6D8ZAYEI7Hvs0o" data-load-time="1720687757097" height="0" width="0" src="https://td.doubleclick.net/td/rul/10899923854?random=1720687757091&amp;cv=11&amp;fst=1720687757091&amp;fmt=3&amp;bg=ffffff&amp;guid=ON&amp;async=1&amp;gtm=45be4790v897840925z8811053470za201zb811053470&amp;gcd=13l3l3l3l1&amp;dma=0&amp;tag_exp=0&amp;u_w=1920&amp;u_h=1080&amp;url=https%3A%2F%2Fwww.nofrills.ca%2F&amp;label=cIuBCL6D8ZAYEI7Hvs0o&amp;hn=www.googleadservices.com&amp;frm=0&amp;tiba=Online%20Grocery%20Shopping%20%3A%20Pickup%20%26%20Delivery&amp;value=0&amp;ga_uid=G-B9WFKJZHQ5.anonymous&amp;bttype=purchase&amp;npa=0&amp;pscdl=noapi&amp;auid=1567158665.1720687756&amp;uaa=arm&amp;uab=64&amp;uafvl=Not%252FA)Brand%3B8.0.0.0%7CChromium%3B126.0.6478.127%7CGoogle%2520Chrome%3B126.0.6478.127&amp;uamb=0&amp;uam=&amp;uap=macOS&amp;uapv=14.5.0&amp;uaw=0&amp;fledge=1&amp;capi=1&amp;ct_cookie_present=0" style="display: none; visibility: hidden;"></iframe><div class="chakra-portal"><ul role="region" aria-live="polite" id="chakra-toast-manager-top" style="position: fixed; z-index: 5500; pointer-events: none; display: flex; flex-direction: column; margin: 0px auto; top: env(safe-area-inset-top, 0px); right: env(safe-area-inset-right, 0px); left: env(safe-area-inset-left, 0px);"></ul><ul role="region" aria-live="polite" id="chakra-toast-manager-top-left" style="position: fixed; z-index: 5500; pointer-events: none; display: flex; flex-direction: column; top: env(safe-area-inset-top, 0px); left: env(safe-area-inset-left, 0px);"></ul><ul role="region" aria-live="polite" id="chakra-toast-manager-top-right" style="position: fixed; z-index: 5500; pointer-events: none; display: flex; flex-direction: column; top: env(safe-area-inset-top, 0px); right: env(safe-area-inset-right, 0px);"></ul><ul role="region" aria-live="polite" id="chakra-toast-manager-bottom-left" style="position: fixed; z-index: 5500; pointer-events: none; display: flex; flex-direction: column; bottom: env(safe-area-inset-bottom, 0px); left: env(safe-area-inset-left, 0px);"></ul><ul role="region" aria-live="polite" id="chakra-toast-manager-bottom" style="position: fixed; z-index: 5500; pointer-events: none; display: flex; flex-direction: column; margin: 0px auto; bottom: env(safe-area-inset-bottom, 0px); right: env(safe-area-inset-right, 0px); left: env(safe-area-inset-left, 0px);"></ul><ul role="region" aria-live="polite" id="chakra-toast-manager-bottom-right" style="position: fixed; z-index: 5500; pointer-events: none; display: flex; flex-direction: column; bottom: env(safe-area-inset-bottom, 0px); right: env(safe-area-inset-right, 0px);"></ul></div><img id="liveRampPixel" alt="" height="1" width="1" src="https://idsync.rlcdn.com/711037.gif?partner_uid=58b23f70-1edf-4ffe-8997-c6595892628c" style="display: none;"><script type="text/javascript" async="" src="https://resources.digital-cloud.medallia.ca/wdccan/3970/onsite/generic1719239710940.js" charset="UTF-8"></script><script type="text/javascript" id="">window.KAMPYLE_ONSITE_SDK&&"function"===typeof window.KAMPYLE_ONSITE_SDK.updatePageView&&window.KAMPYLE_ONSITE_SDK.updatePageView();</script><style title="MDigital_animationStyle"></style></body><div style="display: none;"></div><iframe id="ce_proto_iframe" title="CrazyEgg Tracking iframe" style="display: none;"></iframe><iframe id="TMQGMCji7NeNo0sY" style="display: none;"></iframe><div style="display: none;"></div></html>