<html lang="en" data-iceberg-theme="nofrills" data-mobile-menu-state="inactive" data-desktop-menu-state="inactive" data-modal-state="inactive" data-drawer-state="inactive" data-media="d3" data-loading-state="false" data-notice="inactive" data-fulfillment-mode-state="inactive" data-is-touch-enabled="false" data-theme="light" style="color-scheme: light;"><head>
        <meta charset="UTF-8">
        
            <meta name="viewport" content="width=device-width,initial-scale=1">
        
        <title>Online Grocery Shopping : Pickup &amp; Delivery</title>
        <meta name="google-site-verification" content="iEkgK_YdwVZsaq65Q3cQVt5xeImX01iPuhXG1GywFlE">
        
        
            <link rel="preconnect" href="https://data.signalayer.com">
            <link rel="preconnect" href="https://cdn.signalayer.com">
            <link rel="preconnect" href="https://t.signalayer.com">
            <link rel="preconnect" href="https://www.googletagmanager.com">
        
        <link rel="preconnect" href="https://dis-prod.assetful.loblaw.ca">
        <link rel="preconnect" href="https://cdn.contentful.com">
        <link rel="preconnect" href="https://assets.shop.loblaws.ca">
        <link rel="preconnect" href="https://d3rzy2hoo29vi.cloudfront.net">
        <link rel="preconnect" href="https://assets-platform.loblaws.ca">
        
            <link rel="preconnect" href="https://assets.loblaws.ca">
        
        
        <link rel="preload" as="script" href="https://www.nofrills.ca/resources/3e862d1ac69d068b9895865c2c541b29d73075b0f5cc8"><link rel="preload" as="font" crossorigin="crossorigin" type="font/opentype" href="https://assets.loblaws.ca/pcx_bronx_fe_assets/fonts/noir/noirpro-regular.otf" fetchpriority="high">
        <link rel="preload" as="font" crossorigin="crossorigin" type="font/opentype" href="https://assets.loblaws.ca/pcx_bronx_fe_assets/fonts/noir/noirpro-semibold.otf" fetchpriority="high">

        
        <link type="image/x-icon" rel="shortcut icon" href="https://assets.shop.loblaws.ca/ContentMedia/nfr/logos/64x64icon.ico" media="all">
        <link type="image/x-icon" rel="apple-touch-icon" href="https://assets.shop.loblaws.ca/ContentMedia/pvg/icons/pcx_app_icon.jpg">
        <link type="image/x-icon" rel="android-touch-icon" href="https://assets.shop.loblaws.ca/ContentMedia/pvg/icons/pcx_app_icon.jpg">
        <link type="image/x-icon" rel="windows-touch-icon" href="https://assets.shop.loblaws.ca/ContentMedia/pvg/icons/pcx_app_icon.jpg">

        
            
            <script type="text/javascript" async="" src="https://analytics.tiktok.com/i18n/pixel/static/main.MTRiM2JhOTViMA.js" data-id="C2EM3DIQV140ORDIO5L0"></script><script type="text/javascript" async="" src="https://analytics.tiktok.com/i18n/pixel/events.js?sdkid=C2EM3DIQV140ORDIO5L0&amp;lib=ttq"></script><script src="https://www.mczbf.com/tags/238334430579/tag.js" type="text/javascript" async="" id="cjapitag"></script><script type="text/javascript" async="" src="https://analytics.tiktok.com/i18n/pixel/static/identify_ce1d8843.js"></script><script type="text/javascript" async="" src="https://analytics.tiktok.com/i18n/pixel/static/main.MTRiM2JhOTViMA.js" data-id="C2EM3DIQV140ORDIO5L0"></script><script type="text/javascript" async="" src="https://analytics.tiktok.com/i18n/pixel/events.js?sdkid=C2EM3DIQV140ORDIO5L0&amp;lib=ttq"></script><script src="https://www.mczbf.com/tags/238334430579/tag.js" type="text/javascript" async="" id="cjapitag"></script><script type="text/javascript" async="" src="https://www.googletagmanager.com/gtag/destination?id=AW-10899923854&amp;l=dataLayer&amp;cx=c"></script><script type="text/javascript" async="" src="https://script.crazyegg.com/pages/scripts/0072/5611.js"></script><script type="text/javascript" async="" src="https://www.google-analytics.com/analytics.js"></script><script type="text/javascript" async="" src="https://www.googletagmanager.com/gtag/js?id=G-B9WFKJZHQ5&amp;l=dataLayer&amp;cx=c"></script><script async="" src="https://cdn.moengage.com/webpush/moe_webSdk.min.latest.js"></script><script src="https://connect.facebook.net/signals/config/408759993146884?v=2.9.157&amp;r=stable&amp;domain=www.nofrills.ca&amp;hme=446fb981c8c3baeb03730fe3cbd404f7f15f64c693f24c7fe75da498bc2c95d8&amp;ex_m=67%2C113%2C100%2C104%2C58%2C3%2C93%2C66%2C15%2C91%2C84%2C49%2C51%2C160%2C163%2C174%2C170%2C171%2C173%2C28%2C94%2C50%2C73%2C172%2C155%2C158%2C167%2C168%2C175%2C122%2C14%2C48%2C180%2C179%2C124%2C17%2C33%2C38%2C1%2C41%2C62%2C63%2C64%2C68%2C88%2C16%2C13%2C90%2C87%2C86%2C101%2C103%2C37%2C102%2C29%2C25%2C156%2C159%2C131%2C27%2C10%2C11%2C12%2C5%2C6%2C24%2C21%2C22%2C54%2C59%2C61%2C71%2C95%2C26%2C72%2C8%2C7%2C76%2C46%2C20%2C97%2C96%2C98%2C9%2C19%2C18%2C81%2C53%2C79%2C32%2C70%2C0%2C89%2C31%2C78%2C83%2C45%2C44%2C82%2C36%2C4%2C85%2C77%2C42%2C39%2C34%2C80%2C2%2C35%2C60%2C40%2C99%2C43%2C75%2C65%2C105%2C57%2C56%2C30%2C92%2C55%2C52%2C47%2C74%2C69%2C23%2C106%2C186%2C185%2C187%2C192%2C193%2C194%2C190%2C182%2C123%2C126%2C125%2C152%2C181%2C183%2C114%2C128%2C146%2C136%2C140%2C176%2C120%2C218%2C107%2C118%2C219%2C154%2C111%2C134%2C127%2C115" async=""></script><script src="https://connect.facebook.net/signals/config/611159122717147?v=2.9.157&amp;r=stable&amp;domain=www.nofrills.ca&amp;hme=446fb981c8c3baeb03730fe3cbd404f7f15f64c693f24c7fe75da498bc2c95d8&amp;ex_m=67%2C113%2C100%2C104%2C58%2C3%2C93%2C66%2C15%2C91%2C84%2C49%2C51%2C160%2C163%2C174%2C170%2C171%2C173%2C28%2C94%2C50%2C73%2C172%2C155%2C158%2C167%2C168%2C175%2C122%2C14%2C48%2C180%2C179%2C124%2C17%2C33%2C38%2C1%2C41%2C62%2C63%2C64%2C68%2C88%2C16%2C13%2C90%2C87%2C86%2C101%2C103%2C37%2C102%2C29%2C25%2C156%2C159%2C131%2C27%2C10%2C11%2C12%2C5%2C6%2C24%2C21%2C22%2C54%2C59%2C61%2C71%2C95%2C26%2C72%2C8%2C7%2C76%2C46%2C20%2C97%2C96%2C98%2C9%2C19%2C18%2C81%2C53%2C79%2C32%2C70%2C0%2C89%2C31%2C78%2C83%2C45%2C44%2C82%2C36%2C4%2C85%2C77%2C42%2C39%2C34%2C80%2C2%2C35%2C60%2C40%2C99%2C43%2C75%2C65%2C105%2C57%2C56%2C30%2C92%2C55%2C52%2C47%2C74%2C69%2C23%2C106" async=""></script><script async="" src="https://connect.facebook.net/en_US/fbevents.js"></script><script async="" src="https://www.googletagmanager.com/gtm.js?id=GTM-NPWHZ7F"></script><script type="text/javascript" src="https://www.nofrills.ca/resources/3e862d1ac69d068b9895865c2c541b29d73075b0f5cc8"></script><script>
                !function(e,t,a,n,g){e[n]=e[n]||[],e[n].push({"gtm.start":(new Date).getTime(),event:"gtm.js"});var m=t.getElementsByTagName(a)[0],r=t.createElement(a);r.async=!0,r.src="https://www.googletagmanager.com/gtm.js?id=GTM-NPWHZ7F",m.parentNode.insertBefore(r,m)}(window,document,"script","dataLayer");
            </script>
        
        
        
        
        
        

        
        <link type="text/css" rel="stylesheet" href="https://assets.loblaws.ca/pcx_bronx_fe_prod/builds/production/3.52.1/811df570/nofrills/nofrills-bundle.css" fetchpriority="high">

        
        <script async="" src="https://securepubads.g.doubleclick.net/tag/js/gpt.js"></script>
        
        <script async="true" type="text/javascript">
    function detectAdBlock() {
        const googleAdUrl = 'https://pagead2.googlesyndication.com/pagead/js/adsbygoogle.js';
        try {
            fetch(new Request(googleAdUrl)).catch(_ => dataLayer.push({'event':'AdBlocker'}));
        } catch (e) { 
            dataLayer.push({'event':'AdBlocker'}); 
        }
    }
    if (dataLayer) {
        detectAdBlock();
    }
</script>
        <script async="true" type="text/javascript">
    document.cookie = `lastVisited=${+Date.now()}; SameSite=None; Path=/; Secure; Max-Age=1707109200;`;
</script>

       
       
        
            <meta name="apple-itunes-app" content="app-id=1194066746, affiliate-data=ct=smart-app-banner&amp;pt=1384326">
            <meta name="google-play-app" content="app-id=pc.express.grocery.pickup&amp;hl=en_CA">
        
        
        
            <link rel="preload" as="font" crossorigin="crossorigin" type="font/woff2" href="https://d3rzy2hoo29vi.cloudfront.net/fonts/futura/futuraStd-heavy.woff2">
        
        
        
        
        
            

        
        
        <script>
            /* App Engine Check */
            window['ldBronxAppEngine'] = true;
            /* The cumulative app settings */
            window['ldBronxAppSettings'] = {
                appData: {"slug":"site-settings-nofrills","seoTitle":"No Frills Supermarket | Grocery shop online or instore","appBuild":"production","appVersion":"3.52.1+811df570","assetUrlPrefix":"https://d3rzy2hoo29vi.cloudfront.net/builds","gcpAssetUrlPrefix":"https://assets.loblaws.ca/pcx_bronx_fe_prod/builds","useGcpAssetUrl":true,"staticAssetPath":"https://assets.shop.loblaws.ca/ContentMedia","heartbeatPollFrequency":30,"appVersionPollFrequency":300,"adobeTargetAssetPath":"https://d3rzy2hoo29vi.cloudfront.net/assets/js/at_v1.js","isAdobeTargetEnabled":false,"isAdobeAnalyticsEnabled":false,"isCookieComplianceEnabled":true,"isKameleoonEnabled":false,"adobeAnalyticsAssetPath":"https://assets.adobedtm.com/ec12e179889c41354087f1ac19e02839d7c19f0e/satelliteLib-105d18abadb6163816bb52f11c640058778e502a.js","isMarketplaceEnabled":false,"regions":[{"region":"Alberta","code":"CA-AB","defaultStoreId":"3603"},{"region":"British Columbia","code":"CA-BC","defaultStoreId":"3438"},{"region":"Manitoba","code":"CA-MB","defaultStoreId":"3050"},{"region":"New Brunswick","code":"CA-NB","defaultStoreId":"2714"},{"region":"Newfoundland and Labrador","code":"CA-NL","defaultStoreId":"2705"},{"region":"Nova Scotia","code":"CA-NS","defaultStoreId":"2706"},{"region":"Ontario","code":"CA-ON","defaultStoreId":"0289"},{"region":"Prince Edward Island","code":"CA-PE","defaultStoreId":"0386"},{"region":"Saskatchewan","code":"CA-SK","defaultStoreId":"3978"}],"faviconUrl":"https://assets.shop.loblaws.ca/ContentMedia/nfr/logos/64x64icon.ico","googleSiteVerificationCode":"iEkgK_YdwVZsaq65Q3cQVt5xeImX01iPuhXG1GywFlE","defaultStoreId":"7411","featureFlags":[{"id":"PCXStampCards","key":"bronxFeatureFlagPCXStampCards","status":false},{"id":"FulfillmentAutomatedRefundPhotoUpload","key":"bronxFeatureFlagFulfillmentAutomatedRefundPhotoUpload","status":false},{"id":"FulfillmentAutomatedRefund","key":"bronxFeatureFlagFulfillmentAutomatedRefund","status":false},{"id":"ShowPCORedemption","key":"bronxFeatureFlagShowPCORedemption","status":true},{"id":"ShowPCORedemptionOnlyInPilotStores","key":"bronxFeatureFlagShowPCORedemptionOnlyInPilotStores","status":true},{"id":"HideHomepageContentfulEntries","key":"bronxFeatureFlagHideHomepageContentfulEntries","status":true},{"id":"EnableHeliosFlyerItems","key":"bronxFeatureFlagEnableHeliosFlyerItems","status":true},{"id":"PastOrderDashboardOneClickATC","key":"bronxFeatureFlagPastOrderDashboardOneClickATC","status":false},{"id":"PCXPassCancellationSurvey","key":"bronxFeatureFlagPCXPassCancellationSurvey","status":true},{"id":"EnableCartCheckoutAccountBFFMigration","key":"bronxFeatureFlagEnableCartCheckoutAccountBFFMigration","status":true},{"id":"EnableCollectionsRichgrid","key":"bronxFeatureFlagEnableCollectionsRichgrid","status":true},{"id":"EnableV2CartService","key":"bronxFeatureFlagEnableV2CartService","status":false},{"id":"DigitalFlyerSubscriptions","key":"bronxFeatureFlagDigitalFlyerSubscriptions","status":true},{"id":"AllDealsAndFlyerForecastAd","key":"bronxFeatureFlagAllDealsAndFlyerForecastAd","status":true},{"id":"FlippFlyerV2","key":"bronxFeatureFlagFlippFlyerV2","status":true},{"id":"ShowFlyerRedesignV2","key":"bronxFeatureFlagShowFlyerRedesignV2","status":true},{"id":"EnableBffApi","key":"bronxFeatureFlagEnableBffApi","status":true},{"id":"EnableIcebergFulfillmentToast","key":"bronxFeatureFlagEnableIcebergFulfillmentToast","status":true},{"id":"EnableIcebergTopBar","key":"bronxFeatureFlagEnableIcebergTopBar","status":true},{"id":"EnableHeliosHomepage","key":"bronxFeatureFlagEnableHeliosHomepage","status":true},{"id":"EnableHitOftheMonth","key":"bronxFeatureFlagEnableHitOftheMonth","status":false},{"id":"EnableSEOSearchRelatedAndCanonicalTerms","key":"bronxFeatureFlagEnableSEOSearchRelatedAndCanonicalTerms","status":false},{"id":"NBRecyclingFee","key":"bronxFeatureFlagNBRecyclingFee","status":false},{"id":"featureFlagFaasFpsIos","key":"bronxFeatureFlagFaasFpsIos","status":true},{"id":"EnableHeliosHeroCarousel","key":"bronxFeatureFlagEnableHeliosHeroCarousel","status":true},{"id":"PCXValueCentre","key":"bronxFeatureFlagPCXValueCentre","status":true},{"id":"settingsFeatureFlagFaasFmsIos","key":"bronxFeatureFlagFaasFmsIos","status":true},{"id":"PCXValueCentreShowPCOPoints","key":"bronxFeatureFlagPCXValueCentreShowPCOPoints","status":false},{"id":"settingsFeatureFlagFaasFpsAndroidProd","key":"bronxFeatureFlagFaasFpsAndroidProd","status":true},{"id":"PCXValueCentreShopDealsLinks","key":"bronxFeatureFlagPCXValueCentreShopDealsLinks","status":false},{"id":"PDPForecastAd","key":"bronxFeatureFlagPDPForecastAd","status":false},{"id":"EnableHolidayInsidersCarousel","key":"bronxFeatureFlagEnableHolidayInsidersCarousel","status":true},{"id":"settingsFeatureFlagFaasFpsAndroid","key":"bronxFeatureFlagFaasFpsAndroid","status":false},{"id":"EnableHeliosCollectionsv2","key":"bronxFeatureFlagEnableHeliosCollectionsv2","status":true},{"id":"OrderDashboard","key":"bronxFeatureFlagOrderDashboard","status":true},{"id":"isV4TimeslotApiEnabled","key":"bronxFeatureFlagIsV4TimeslotApiEnabled","status":true},{"id":"MembersOnlyPricing","key":"bronxFeatureFlagMembersOnlyPricing","status":true},{"id":"HideFaaSToolTip","key":"bronxFeatureFlagHideFaaSToolTip","status":false},{"id":"ShowPCORedemptionPilotStorePhaseOne","key":"bronxFeatureFlagShowPCORedemptionPilotStorePhaseOne","status":true},{"id":"AdaSupportChatBot","key":"bronxFeatureFlagAdaSupportChatBot","status":true},{"id":"mediaFeatureFlagFirebaseEventsLogs","key":"bronxFeatureFlagFirebaseEventsLogs","status":false},{"id":"MealPlannerChat","key":"bronxFeatureFlagMealPlannerChat","status":false},{"id":"SearchPromoTileGAMAd2","key":"bronxFeatureFlagSearchPromoTileGAMAd2","status":true},{"id":"SearchPromoTileGAMAd1","key":"bronxFeatureFlagSearchPromoTileGAMAd1","status":true},{"id":"EnableTippingFees","key":"bronxFeatureFlagEnableTippingFees","status":false},{"id":"EnableRapidMode","key":"bronxFeatureFlagEnableRapidMode","status":false},{"id":"EnableBrowseMigrationCookieB","key":"bronxFeatureFlagEnableBrowseMigrationCookieB","status":true},{"id":"PCXPassResubscribe","key":"bronxFeatureFlagPCXPassResubscribe","status":true},{"id":"ShippingOptions","key":"bronxFeatureFlagShippingOptions","status":false},{"id":"PassVelvet","key":"bronxFeatureFlagPassVelvet","status":false},{"id":"SignaLayer","key":"bronxFeatureFlagSignaLayer","status":false},{"id":"MoEngage","key":"bronxFeatureFlagMoEngage","status":true},{"id":"FulfillmentMethodAgnostic","key":"bronxFeatureFlagFulfillmentMethodAgnostic","status":false},{"id":"PCXPassUpgradePlan","key":"bronxFeatureFlagPCXPassUpgradePlan","status":true},{"id":"HideFaaSDelivery","key":"bronxFeatureFlagHideFaaSDelivery","status":false},{"id":"AsyncSubsManagmentWeb","key":"bronxFeatureFlagAsyncSubsManagmentWeb","status":false},{"id":"AddressAutocompleteCheckout","key":"bronxFeatureFlagAddressAutocompleteCheckout","status":true},{"id":"DeliveryTipping","key":"bronxFeatureFlagDeliveryTipping","status":false},{"id":"ShopJoeFreshOnGrocery","key":"bronxFeatureFlagShopJoeFreshOnGrocery","status":true},{"id":"PDPGAMAdUnitEnabled","key":"bronxFeatureFlagPDPGAMAdUnitEnabled","status":true},{"id":"RapidOrderTracking","key":"bronxFeatureFlagOrderTracking","status":false},{"id":"UseSEOStoreID","key":"bronxFeatureFlagUseSEOStoreID","status":true},{"id":"DisplayFloatingCheckoutButton","key":"bronxFeatureFlagDisplayFloatingCheckoutButton","status":false},{"id":"EnableHeliosSRP","key":"bronxFeatureFlagEnableHeliosSRP","status":false},{"id":"EnableHeliosClpPlp","key":"bronxFeatureFlagEnableHeliosClpPlp","status":true},{"id":"Marketplace","key":"bronxFeatureFlagMarketplace","status":false},{"id":"MarketplaceOnlyMode","key":"bronxFeatureFlagMarketplaceOnlyMode","status":false},{"id":"FulfillmentAsAService","key":"bronxFeatureFlagFulfillmentAsAService","status":true},{"id":"IsPcxPassAdUnitContentful","key":"bronxFeatureFlagIsPcxPassAdUnitContentful","status":true},{"id":"EnableHeliosMarketplaceClpPlp","key":"bronxFeatureFlagEnableHeliosMarketplaceClpPlp","status":false},{"id":"NoTaxEvent","key":"bronxFeatureFlagNoTaxEvent","status":true},{"id":"PingPEServices","key":"bronxFeatureFlagPingPEServices","status":false},{"id":"GoGreenPackagingV2","key":"bronxFeatureFlagGoGreenPackagingV2","status":false},{"id":"PcExpressPass","key":"bronxFeatureFlagPcExpressPass","status":true},{"id":"ShowRapidPromotionTile","key":"bronxFeatureFlagShowRapidPromotionTile","status":false},{"id":"Talkable","key":"bronxFeatureFlagTalkable","status":false},{"id":"HideOOSProducts","key":"bronxFeatureFlagHideOOSProducts","status":false},{"id":"AlternativeFulfillment","key":"bronxFeatureFlagAlternativeFulfillment","status":false},{"id":"EnableLeaderboardSearchResultGrid","key":"bronxFeatureFlagEnableLeaderboardSearchResultGrid","status":true},{"id":"SnowplowAnalytics","key":"bronxFeatureFlagSnowplowAnalytics","status":false},{"id":"SnowplowAnalyticsPhaseOne","key":"bronxFeatureFlagSnowplowAnalyticsPhaseOne","status":false},{"id":"SnowplowAnalyticsPhaseTwo","key":"bronxFeatureFlagSnowplowAnalyticsPhaseTwo","status":true},{"id":"EnableHeliosSnowplow","key":"bronxFeatureFlagEnableHeliosSnowplow","status":true},{"id":"EnableFacadeSpPersonalization","key":"bronxFeatureFlagEnableFacadeSpPersonalization","status":true},{"id":"MPProductTileTag","key":"bronxFeatureFlagMPProductTileTag","status":true},{"id":"QuantifyCustomerDemand","key":"bronxFeatureFlagQuantifyCustomerDemand","status":false},{"id":"EnableSinglePageCheckout","key":"bronxFeatureFlagEnableSinglePageCheckout","status":false},{"id":"SearchPromoTileHybrisDisable","key":"bronxFeatureFlagSearchPromoTileHybrisDisable","status":true},{"id":"EnableHelios","key":"bronxFeatureFlagEnableHelios","status":true},{"id":"EnableDietaryCallOutFilter","key":"bronxFeatureFlagEnableDietaryCallOutFilter","status":true},{"id":"WayfindingQuickFilters","key":"bronxFeatureFlagWayfindingQuickFilters","status":true},{"id":"FlyerGAMAdUnit","key":"bronxFeatureFlagFlyerGAMAdUnit","status":true},{"id":"AllDealsAndFlyerItemGAMAdUnit","key":"bronxFeatureFlagAllDealsAndFlyerItemGAMAdUnit","status":true},{"id":"SponsoredSearchCarousel","key":"bronxFeatureFlagSponsoredSearchCarousel","status":true},{"id":"QFTopBrandsChip","key":"bronxFeatureFlagQFTopBrandsChip","status":false},{"id":"QFExclusiveBrandsChip","key":"bronxFeatureFlagQFExclusiveBrandsChip","status":false},{"id":"QFFavouriteBrandsChip","key":"bronxFeatureFlagQFFavouriteBrandsChip","status":false},{"id":"AutoLocalizeWithAkamai","key":"bronxFeatureFlagAutoLocalizeWithAkamai","status":true},{"id":"AutoLocalizeWithMaxMind","key":"bronxFeatureFlagAutoLocalizeWithMaxMind","status":false},{"id":"MiniAppCheckout","key":"bronxFeatureFlagMiniAppCheckout","status":false},{"id":"EnableWholeSaleClubPCOExperience","key":"bronxFeatureFlagEnableWholeSaleClubPCOExperience","status":false},{"id":"NewfoundlandSugarSweetenedBeverageTax","key":"bronxFeatureFlagNewfoundlandSugarSweetenedBeverageTax","status":true},{"id":"LiveCartAislesOrganization","key":"bronxFeatureFlagLiveCartAislesOrganization","status":true},{"id":"DiscountGoGreen","key":"bronxFeatureFlagDiscountGoGreen","status":true},{"id":"BifrostInventoryCheck","key":"bronxFeatureFlagBifrostInventoryCheck","status":false},{"id":"SponsoredCLPCarousel","key":"bronxFeatureFlagSponsoredCLPCarousel","status":true},{"id":"SponsoredCartReviewCarousel","key":"bronxFeatureFlagSponsoredCartReviewCarousel","status":true},{"id":"OutOfStock","key":"bronxFeatureFlagOutOfStock","status":true},{"id":"HideRapidServiceFeeOnCartReviewPage","key":"bronxFeatureFlagHideRapidServiceFeeOnCartReviewPage","status":false},{"id":"CustomerSelectedSubsInCart","key":"bronxFeatureFlagCustomerSelectedSubsInCart","status":true},{"id":"EnableBannerWideCSSubs","key":"bronxFeatureFlagEnableBannerWideCSSubs","status":true},{"id":"CustomerSelectedSubsPreCheckout","key":"bronxFeatureFlagCustomerSelectedSubsPreCheckout","status":true},{"id":"PCXAccountDeletion","key":"bronxFeatureFlagPCXAccountDeletion","status":true},{"id":"AutoLocalization","key":"bronxFeatureFlagAutoLocalization","status":true},{"id":"ShowTypeAheadTopSearchesForMPMode","key":"bronxFeatureFlagShowTypeAheadTopSearchesForMPMode","status":true},{"id":"RecentlyViewedProducts","key":"bronxFeatureFlagRecentlyViewedProducts","status":true},{"id":"Delivery","key":"bronxFeatureFlagDelivery","status":false},{"id":"OptimizedProductImages","key":"bronxFeatureFlagOptimizedProductImages","status":true},{"id":"EnableHomepageSponsoredCarousel","key":"bronxFeatureFlagEnableHomepageSponsoredCarousel","status":false},{"id":"AddMoreItemsCTA","key":"bronxFeatureFlagAddMoreItemsCTA","status":true},{"id":"EnableTypeaheadContentfulLink","key":"bronxFeatureFlagEnableTypeaheadContentfulLink","status":true},{"id":"PCOPdpEnrolmentTileForMassOffer","key":"bronxFeatureFlagPCOPdpEnrolmentTileForMassOffer","status":true},{"id":"PCOPdpEnrolment","key":"bronxFeatureFlagPCOPdpEnrolment","status":true},{"id":"enableProductDetailsField","key":"bronxFeatureFlagEnableProductDetailsField","status":false},{"id":"WeightedItemsQuantityFormatting","key":"bronxFeatureFlagWeightedItemsQuantityFormatting","status":true},{"id":"CartOrganizationHideAislesInFrench","key":"bronxFeatureFlagCartOrganizationHideAislesInFrench","status":false},{"id":"CartOrganizationExperimentA","key":"bronxFeatureFlagCartOrganizationExperimentA","status":false},{"id":"CartOrganizationExperimentB","key":"bronxFeatureFlagCartOrganizationExperimentB","status":false},{"id":"FlyerModalDrawerQuickview","key":"bronxFeatureFlagFlyerModalDrawerQuickview","status":true},{"id":"PCOCheckoutEnrolment","key":"bronxFeatureFlagPCOCheckoutEnrolment","status":true},{"id":"OrderDashboardRedirectAfterOrderComplete","key":"bronxFeatureFlagOrderDashboardRedirectAfterOrderComplete","status":true},{"id":"ServerSideNavigationRestCall","key":"bronxFeatureFlagServerSideNavigationRestCall","status":true},{"id":"EnableLeaderboardSearchResultTop","key":"bronxFeatureFlagEnableLeaderboardSearchResultTop","status":true},{"id":"IncludeAlcoholTaxMsg","key":"bronxFeatureFlagIncludeAlcoholTaxMsg","status":true},{"id":"ExpSeperateFoodNonFoodNav","key":"bronxFeatureFlagExpSeperateFoodNonFoodNav","status":false},{"id":"HeroV2SwitchFulfillmentMode","key":"bronxFeatureFlagHeroV2SwitchFulfillmentMode","status":true},{"id":"HomePageHeroV2","key":"bronxFeatureFlagHomePageHeroV2","status":true},{"id":"QuickViewPcoOffer","key":"bronxFeatureFlagQuickViewPcoOffer","status":true},{"id":"ShowThirtyMinTimeSlot","key":"bronxFeatureFlagShowThirtyMinTimeSlot","status":true},{"id":"FlyerVideoPlayer","key":"bronxFeatureFlagFlyerVideoPlayer","status":true},{"id":"ExpHolidayShopNavStyling","key":"bronxFeatureFlagExpHolidayShopNavStyling","status":false},{"id":"ExpExpandedFoodNav","key":"bronxFeatureFlagExpExpandedFoodNav","status":false},{"id":"ExpJoeFreshNavStyling","key":"bronxFeatureFlagExpJoeFreshNavStyling","status":false},{"id":"OneSearch","key":"bronxFeatureFlagOneSearch","status":true},{"id":"UnlocalizedCartAddition","key":"bronxFeatureFlagUnlocalizedCartAddition","status":true},{"id":"AutoLocalizationNonShoppable","key":"bronxFeatureFlagAutoLocalizationNonShoppable","status":true},{"id":"MultiItemFlyerQuickview","key":"bronxFeatureFlagMultiItemFlyerQuickview","status":true},{"id":"V4ProductFacadeForPDP","key":"bronxFeatureFlagV4ProductFacadeForPDP","status":false},{"id":"ShouldIncludeGTMScript","key":"bronxFeatureFlagShouldIncludeGTMScript","status":true},{"id":"TestFeatureFlagOverride","key":"bronxFeatureFlagTestFeatureFlagOverride","status":true},{"id":"DidYouMeanSearch","key":"bronxFeatureFlagDidYouMeanSearch","status":true},{"id":"AutoLocalizationWellnessPages","key":"bronxFeatureFlagAutoLocalizationWellnessPages","status":true},{"id":"FlyerNavigationContentful","key":"bronxFeatureFlagFlyerNavigationContentful","status":true},{"id":"AutoLocalizationDependencyPages","key":"bronxFeatureFlagAutoLocalizationDependencyPages","status":true},{"id":"HideExpeditedShippingOption","key":"bronxFeatureFlagHideExpeditedShippingOption","status":false},{"id":"PS5ConsoleDirectLink","key":"bronxFeatureFlagPS5ConsoleDirectLink","status":false},{"id":"ShowTypeAheadYourSearches","key":"bronxFeatureFlagShowTypeAheadYourSearches","status":true},{"id":"ShowTypeAheadTopSearches","key":"bronxFeatureFlagShowTypeAheadTopSearches","status":true},{"id":"LowInventory","key":"bronxFeatureFlagLowInventory","status":true},{"id":"ExpPCOInNavFlyers","key":"bronxFeatureFlagExpPCOInNavFlyers","status":false},{"id":"ExpPCOInNavMyshop","key":"bronxFeatureFlagExpPCOInNavMyshop","status":false},{"id":"V3ProductFacadeFlyerSearch","key":"bronxFeatureFlagV3ProductFacadeFlyerSearch","status":true},{"id":"WellnessNaturalFoods","key":"bronxFeatureFlagWellnessNaturalFoods","status":false},{"id":"WellnessMedicalClinics","key":"bronxFeatureFlagWellnessMedicalClinics","status":false},{"id":"WellnessDietitians","key":"bronxFeatureFlagWellnessDietitians","status":true},{"id":"WellnessOptical","key":"bronxFeatureFlagWellnessOptical","status":true},{"id":"WellnessGuidingStars","key":"bronxFeatureFlagWellnessGuidingStars","status":true},{"id":"WellnessPharmacy","key":"bronxFeatureFlagWellnessPharmacy","status":false},{"id":"SomeRandomTestFeatureFlag","key":"bronxFeatureFlagSomeRandomTestFeatureFlag","status":false},{"id":"CIAM","key":"bronxFeatureFlagCIAM","status":true},{"id":"Contentful","key":"bronxFeatureFlagContentful","status":true},{"id":"AdobeTarget","key":"bronxFeatureFlagAdobeTarget","status":true},{"id":"FontNoir","key":"bronxFeatureFlagFontNoir","status":true},{"id":"AdobeAnalytics","key":"bronxFeatureFlagAdobeAnalytics","status":true},{"id":"Instacart","key":"bronxFeatureFlagInstacart","status":false}],"cookieComplianceDomainScript":null},
                bannerData: {"banner":"nofrills","hostname":"nofrills","site":"nofrills","appSettingsBanner":"nofrills","locale":"en"},
                spaData: {"cdnPath":"https://assets.loblaws.ca/pcx_bronx_fe_prod/builds/production/3.52.1/811df570/nofrills","folder":"nofrills","vendorJSPath":"https://assets.loblaws.ca/pcx_bronx_fe_prod/builds/production/3.52.1/811df570/nofrills/nofrills-vendor.bundle.js","bundleJSPath":"https://assets.loblaws.ca/pcx_bronx_fe_prod/builds/production/3.52.1/811df570/nofrills/nofrills-bundle.js","bundleCSSPath":"https://assets.loblaws.ca/pcx_bronx_fe_prod/builds/production/3.52.1/811df570/nofrills/nofrills-bundle.css"},
            };
            /* The cached endpoints */
            window['ldBronxCachedEndpoints'] = null;
        </script>
    <script>bazadebezolkohpepadr="1472085864"</script><script type="text/javascript" src="https://www.nofrills.ca/akam/13/57be3fc4" defer=""></script><link rel="stylesheet" type="text/css" href="https://assets.loblaws.ca/pcx_bronx_fe_prod/builds/production/3.52.1/811df570/nofrills/commonUIComponents-fef459bd_app.bundle.css"><link rel="stylesheet" type="text/css" href="https://assets.loblaws.ca/pcx_bronx_fe_prod/builds/production/3.52.1/811df570/nofrills/commonProduct-9b3cd547_app.bundle.css"><link rel="stylesheet" type="text/css" href="https://assets.loblaws.ca/pcx_bronx_fe_prod/builds/production/3.52.1/811df570/nofrills/commonProduct-dee3f71c_app.bundle.css"><link rel="stylesheet" type="text/css" href="https://assets.loblaws.ca/pcx_bronx_fe_prod/builds/production/3.52.1/811df570/nofrills/7573_app.bundle.css"><meta http-equiv="origin-trial" content="AlK2UR5SkAlj8jjdEc9p3F3xuFYlF6LYjAML3EOqw1g26eCwWPjdmecULvBH5MVPoqKYrOfPhYVL71xAXI1IBQoAAAB8eyJvcmlnaW4iOiJodHRwczovL2RvdWJsZWNsaWNrLm5ldDo0NDMiLCJmZWF0dXJlIjoiV2ViVmlld1hSZXF1ZXN0ZWRXaXRoRGVwcmVjYXRpb24iLCJleHBpcnkiOjE3NTgwNjcxOTksImlzU3ViZG9tYWluIjp0cnVlfQ=="><meta http-equiv="origin-trial" content="Amm8/NmvvQfhwCib6I7ZsmUxiSCfOxWxHayJwyU1r3gRIItzr7bNQid6O8ZYaE1GSQTa69WwhPC9flq/oYkRBwsAAACCeyJvcmlnaW4iOiJodHRwczovL2dvb2dsZXN5bmRpY2F0aW9uLmNvbTo0NDMiLCJmZWF0dXJlIjoiV2ViVmlld1hSZXF1ZXN0ZWRXaXRoRGVwcmVjYXRpb24iLCJleHBpcnkiOjE3NTgwNjcxOTksImlzU3ViZG9tYWluIjp0cnVlfQ=="><meta http-equiv="origin-trial" content="A/ERL66fN363FkXxgDc6F1+ucRUkAhjEca9W3la6xaLnD2Y1lABsqmdaJmPNaUKPKVBRpyMKEhXYl7rSvrQw+AkAAACNeyJvcmlnaW4iOiJodHRwczovL2RvdWJsZWNsaWNrLm5ldDo0NDMiLCJmZWF0dXJlIjoiRmxlZGdlQmlkZGluZ0FuZEF1Y3Rpb25TZXJ2ZXIiLCJleHBpcnkiOjE3MTkzNTk5OTksImlzU3ViZG9tYWluIjp0cnVlLCJpc1RoaXJkUGFydHkiOnRydWV9"><meta http-equiv="origin-trial" content="A6OdGH3fVf4eKRDbXb4thXA4InNqDJDRhZ8U533U/roYjp4Yau0T3YSuc63vmAs/8ga1cD0E3A7LEq6AXk1uXgsAAACTeyJvcmlnaW4iOiJodHRwczovL2dvb2dsZXN5bmRpY2F0aW9uLmNvbTo0NDMiLCJmZWF0dXJlIjoiRmxlZGdlQmlkZGluZ0FuZEF1Y3Rpb25TZXJ2ZXIiLCJleHBpcnkiOjE3MTkzNTk5OTksImlzU3ViZG9tYWluIjp0cnVlLCJpc1RoaXJkUGFydHkiOnRydWV9"><script src="https://securepubads.g.doubleclick.net/pagead/managed/js/gpt/m202406040101/pubads_impl.js?cb=31084295" async=""></script><script type="text/javascript">(function(i,s,o,g,r,a,m,n){i.moengage_object=r;t={};q=function(f){return function(){(i.moengage_q=i.moengage_q||[]).push({f:f,a:arguments})}};f=['track_event','add_user_attribute','add_first_name','add_last_name','add_email','add_mobile','add_user_name','add_gender','add_birthday','destroy_session','add_unique_user_id','moe_events','call_web_push','track','location_type_attribute', 'setDebugLevel'],h={onsite:["getData","registerCallback"]};for(k
        in f){t[f[k]]=q(f[k])}for(k in h)for(l in h[k]){null==t[k]&&(t[k]={}),t[k][h[k][l]]=q(k+"."+h[k][l])}a=s.createElement(o);m=s.getElementsByTagName(o)[0];a.async=1;a.src=g;m.parentNode.insertBefore(a,m);i.moe=i.moe||function(){n=arguments[0];return t};a.onload=function(){if(n){i[r]=moe(n)}}})(window,document,'script','https://cdn.moengage.com/webpush/moe_webSdk.min.latest.js','Moengage')
        Moengage = moe({
          app_id: "M7VT5L14QFA5434ELXHZ4RL9",
          debug_logs: 0,
          swPath: "/serviceworker.js",
          cluster: "DC_1",
          disableOnsite: false,
          enableSPA: false,
          cards: null
        });
      </script><link rel="stylesheet" type="text/css" href="https://assets.loblaws.ca/pcx_bronx_fe_prod/builds/production/3.52.1/811df570/nofrills/commonCart-b3a6be8e_app.bundle.css"><link rel="stylesheet" type="text/css" href="https://assets.loblaws.ca/pcx_bronx_fe_prod/builds/production/3.52.1/811df570/nofrills/site-layout-7413f8ad_app.bundle.css"><link rel="stylesheet" type="text/css" href="https://assets.loblaws.ca/pcx_bronx_fe_prod/builds/production/3.52.1/811df570/nofrills/1988_app.bundle.css"><style data-jss="" data-meta="MuiSvgIcon">
.MuiSvgIcon-root {
  fill: currentColor;
  width: 1em;
  height: 1em;
  display: inline-block;
  font-size: 1.5rem;
  transition: fill 200ms cubic-bezier(0.4, 0, 0.2, 1) 0ms;
  flex-shrink: 0;
  user-select: none;
}
.MuiSvgIcon-colorPrimary {
  color: #3f51b5;
}
.MuiSvgIcon-colorSecondary {
  color: #f50057;
}
.MuiSvgIcon-colorAction {
  color: rgba(0, 0, 0, 0.54);
}
.MuiSvgIcon-colorError {
  color: #f44336;
}
.MuiSvgIcon-colorDisabled {
  color: rgba(0, 0, 0, 0.26);
}
.MuiSvgIcon-fontSizeInherit {
  font-size: inherit;
}
.MuiSvgIcon-fontSizeSmall {
  font-size: 1.25rem;
}
.MuiSvgIcon-fontSizeLarge {
  font-size: 2.1875rem;
}
</style><link rel="stylesheet" type="text/css" href="https://assets.loblaws.ca/pcx_bronx_fe_prod/builds/production/3.52.1/811df570/nofrills/helios-homepage-container_app.bundle.css"><link rel="stylesheet" type="text/css" href="https://assets-platform.loblaws.ca/ldp-core-web-prod/production/ldp/view-resolver-pcx/2.1.0/dist/static/css/2760.chunk.css"><style type="text/css">.indiana-scroll-container {
  overflow: auto; }
  .indiana-scroll-container--dragging {
    scroll-behavior: auto !important; }
    .indiana-scroll-container--dragging > * {
      pointer-events: none;
      cursor: -webkit-grab;
      cursor: grab; }
  .indiana-scroll-container--hide-scrollbars {
    overflow: hidden;
    overflow: -moz-scrollbars-none;
    -ms-overflow-style: none;
    scrollbar-width: none; }
    .indiana-scroll-container--hide-scrollbars::-webkit-scrollbar {
      display: none !important;
      height: 0 !important;
      width: 0 !important;
      background: transparent !important;
      -webkit-appearance: none !important; }
  .indiana-scroll-container--native-scroll {
    overflow: auto; }

.indiana-dragging {
  cursor: -webkit-grab;
  cursor: grab; }
</style><style data-emotion="css-global" data-s=""></style><style data-emotion="css-global" data-s=""></style><style data-emotion="css-global" data-s=""></style><style data-emotion="css-global" data-s=""></style><style data-emotion="css-global" data-s=""></style><style data-emotion="css-global" data-s=""></style><style data-emotion="css-global" data-s=""></style><style data-emotion="css-global" data-s=""></style><style data-emotion="css-global" data-s=""></style><style data-emotion="css-global" data-s=""></style><style data-emotion="css" data-s=""></style><meta http-equiv="origin-trial" content="A4oIpR6f5aUXFRMbL6t6qaMk4lrHWxcV3DcrzORsA9sEsIk1FBRMFzzhfMNLuUpokZH40FV8s7iiXtt/729v8A4AAACFeyJvcmlnaW4iOiJodHRwczovL3d3dy5nb29nbGV0YWdtYW5hZ2VyLmNvbTo0NDMiLCJmZWF0dXJlIjoiQXR0cmlidXRpb25SZXBvcnRpbmdDcm9zc0FwcFdlYiIsImV4cGlyeSI6MTcxNDUyMTU5OSwiaXNUaGlyZFBhcnR5Ijp0cnVlfQ=="><script attributionsrc="" type="text/javascript" async="" src="https://www.googleadservices.com/pagead/conversion/10899923854/?random=1717766873311&amp;cv=11&amp;fst=1717766873311&amp;bg=ffffff&amp;guid=ON&amp;async=1&amp;gtm=45be4650v897840925z8811053470za201zb811053470&amp;gcd=13l3l3l3l1&amp;dma=0&amp;tag_exp=0&amp;u_w=1920&amp;u_h=1080&amp;url=https%3A%2F%2Fwww.nofrills.ca%2F&amp;label=cIuBCL6D8ZAYEI7Hvs0o&amp;hn=www.googleadservices.com&amp;frm=0&amp;tiba=No%20Frills%20%7C%20Online%20Grocery%20Shopping%20%3A%20Pickup%20%26%20Delivery&amp;value=0&amp;bttype=purchase&amp;npa=0&amp;auid=1265365183.1717766873&amp;uaa=arm&amp;uab=64&amp;uafvl=Google%2520Chrome%3B125.0.6422.142%7CChromium%3B125.0.6422.142%7CNot.A%252FBrand%3B24.0.0.0&amp;uamb=0&amp;uam=&amp;uap=macOS&amp;uapv=14.5.0&amp;uaw=0&amp;fledge=1&amp;capi=1&amp;rfmt=3&amp;fmt=4"></script><style type="text/css" id="kampyleStyle">.noOutline{outline: none !important;}.wcagOutline:focus{outline: 1px dashed #595959 !important;outline-offset: 2px !important;transition: none !important;}</style><script attributionsrc="" type="text/javascript" async="" src="https://www.googleadservices.com/pagead/conversion/10899923854/?random=1717766873793&amp;cv=11&amp;fst=1717766873793&amp;bg=ffffff&amp;guid=ON&amp;async=1&amp;gtm=45be4650v897840925z8811053470za201zb811053470&amp;gcd=13l3l3l3l1&amp;dma=0&amp;tag_exp=0&amp;u_w=1920&amp;u_h=1080&amp;url=https%3A%2F%2Fwww.nofrills.ca%2F&amp;label=cIuBCL6D8ZAYEI7Hvs0o&amp;hn=www.googleadservices.com&amp;frm=0&amp;tiba=%7C%20No%20Frills%20Online&amp;value=0&amp;ga_uid=G-B9WFKJZHQ5.anonymous&amp;bttype=purchase&amp;npa=0&amp;auid=1265365183.1717766873&amp;uaa=arm&amp;uab=64&amp;uafvl=Google%2520Chrome%3B125.0.6422.142%7CChromium%3B125.0.6422.142%7CNot.A%252FBrand%3B24.0.0.0&amp;uamb=0&amp;uam=&amp;uap=macOS&amp;uapv=14.5.0&amp;uaw=0&amp;fledge=1&amp;capi=1&amp;rfmt=3&amp;fmt=4"></script><link rel="canonical" href="https://www.nofrills.ca/" data-react-helmet="true"><meta name="description" content="Do your shopping online and schedule a grocery pickup. View weekly flyers and deals, and discover what’s new. " data-react-helmet="true"><meta name="robots" content="index, follow" data-react-helmet="true"><link rel="stylesheet" type="text/css" href="https://assets-platform.loblaws.ca/ldp-core-web-prod/production/ldp/view-resolver-pcx/2.1.0/dist/static/css/8585.chunk.css"></head><iframe style="width: 0px; height: 0px; display: none;"></iframe>
    <body data-engine-version="0.5.36" class="chakra-ui-light">
        <div id="root"><script>!function(){var d=document.documentElement,n='data-iceberg-theme',s='setAttribute';d[s](n,'nofrills')}()</script><div id="site-layout" class="site-layout site-layout--desktop site-layout--nofrills" data-customer-is-anonymous="true" tabindex="-1"><div class="site-layout__header" data-auid="header"><div class="accessibility-links"><a href="#site-content" class="skip-to sr-only sr-only-focusable " data-is-external-link="true">Skip to Main Content</a><a href="#site-footer" class="skip-to sr-only sr-only-focusable " data-is-external-link="true">Skip to Footer</a></div><div class="h-12 flex flex-row text-sm items-center space-x-5 bg-iceberg-masthead-top-bar-background px-3 py-2 gap-4 text-iceberg-masthead-top-bar-foreground border-y border-y-iceberg-masthead-top-bar-border iceberg-site-banner pr-0" data-testid="iceberg-masthead-topbar"><div class="flex-1" data-testid="iceberg-masthead-left"><div class="flex flex-row items-center space-x-2" role="alert"><div class="font-noir font-normal text-xs text-iceberg-masthead-top-bar-foreground" data-testid="iceberg-top-bar-message"><div class="mode-transition__transition"><span class="mode-transition__transition__text">New to online grocery shopping? <button class="mode-transition__transition__button"> Learn more about our transparent fee structure.</button></span></div></div></div></div><div class="shrink-0" data-testid="iceberg-masthead-right"><div class="w-full flex flex-row items-center"><span class="iceberg-site-banner__list__item iceberg-site-banner__list__item--pc-optimum"><a class="iceberg-site-banner__list__item__link iceberg-site-banner__list__item__link--anchor iceberg-site-banner__list__item__link--exp-BX-2651-change-location-font-color" data-auid="pc-optimum-offers-link" href="/loyalty?navid=superheader"><span class="iceberg-site-banner__list__item__link__text"><span>PC Optimum</span></span></a></span><span class="iceberg-site-banner__list__item iceberg-site-banner__list__item--faq"><a href="https://loblaw.force.com/nofrills?navid=superheader" aria-describedby="describe-link-opens-new-tab" target="_blank" rel="noopener noreferrer" class="iceberg-site-banner__list__item__link iceberg-site-banner__list__item__link--anchor iceberg-site-banner__list__item__link--exp-BX-2651-change-location-font-color" title="FAQ" data-auid="faq-link" data-is-external-link="true"><span class="iceberg-site-banner__list__item__link__text">FAQ</span></a></span><span class="iceberg-site-banner__list__item"></span></div></div></div><div class="site-header-wrapper"><div class="site-header-wrapper__header"><header class="site-header site-header--desktop site-header--exp-BX-2651-unhide-logo" data-cruller="site-header"><div class="desktop-site-header desktop-site-header--exp-BX-2651-shift-logo-far-left desktop-site-header--exp-BX-2651-reduce-flex-booking-selector"><div class="desktop-site-header__logo"><a class="logo logo--banner" href="/"><img class="logo__image logo__image--nofrills logo__image--banner" alt="No Frills Online homepage" src="https://dis-prod.assetful.loblaw.ca/content/dam/loblaw-companies-limited/creative-assets/logos/pcx-banner-logos-/nofrills_v2.svg"></a></div><div class="desktop-site-header__search-form"><div class="flex items-center h-[50px]" data-testid="search-form"><div class="inline-flex flex-col relative w-full text-black mt-0" data-testid="autocomplete"><label id="react-aria7189846619-:r3:" for="react-aria7189846619-:r2:" class="block text-sm font-medium text-iceberg-lighter-grey text-left sr-only">Search for product</label><div class="relative"><input type="text" class="flex h-10 w-full rounded-md border border-input bg-background px-3 py-2 text-sm ring-offset-background file:border-0 file:bg-transparent file:text-sm file:font-medium placeholder:text-muted-foreground focus-visible:outline-none focus-visible:ring-2 focus-visible:ring-ring focus-visible:ring-offset-2 disabled:cursor-not-allowed disabled:opacity-50 whitespace-nowrap overflow-hidden text-ellipsis pt-[5px] pr-[80px] pb-[5px] pl-[15px]" data-testid="autocomplete-input" aria-autocomplete="list" autocomplete="off" placeholder="Search for product" id="react-aria7189846619-:r2:" aria-labelledby="react-aria7189846619-:r3:" role="combobox" aria-expanded="false" autocorrect="off" spellcheck="false" value=""><div class="flex absolute right-2 top-0 h-7 gap-2 items-center mt-1.5"><button class="inline-flex items-center justify-center whitespace-nowrap rounded-md text-sm font-medium ring-offset-background transition-colors focus-visible:outline-none focus-visible:ring-2 focus-visible:ring-offset-2 disabled:pointer-events-none disabled:opacity-50 mr-2 h-5 w-5 right-0 top-3 bg-transparent text-iceberg-black hover:bg-transparent focus-visible:ring-iceberg-lighter-grey" data-testid="submit-search" title="Submit Search" aria-label="Submit Search" type="submit"><svg xmlns="http://www.w3.org/2000/svg" width="24" height="24" viewBox="0 0 24 24" fill="none" stroke="currentColor" stroke-width="2" stroke-linecap="round" stroke-linejoin="round" class="lucide lucide-search"><circle cx="11" cy="11" r="8"></circle><path d="m21 21-4.3-4.3"></path></svg></button></div></div></div></div></div><div class="desktop-site-header__booking-selector"><div class="booking-selector"><div class="fulfillment-mode"><button data-cruller="fulfillment-mode-button" data-cruller-extra="fulfillment-mode-button--autolocalized" class="fulfillment-mode-button fulfillment-mode-button--start-order" aria-expanded="false" aria-label="View location: Russell &amp; Lee's NOFRILLS Paradise"><div class="fulfillment-mode-button__content"><div class="fulfillment-mode-button__content__location" data-cruller="current-location"><svg class="MuiSvgIcon-root fulfillment-mode-button__icon" focusable="false" viewBox="0 0 24 24" aria-hidden="true"><path d="M12 2C8.13 2 5 5.13 5 9c0 5.25 7 13 7 13s7-7.75 7-13c0-3.87-3.13-7-7-7zM7 9c0-2.76 2.24-5 5-5s5 2.24 5 5c0 2.88-2.88 7.19-5 9.88C9.92 16.21 7 11.85 7 9z"></path><circle cx="12" cy="9" r="2.5"></circle></svg><span>Russell &amp; Lee's NOFRILLS Paradise</span></div></div></button></div></div></div></div><div class="menu-bar"><div class="menu-bar__navigation"><nav class="primary-nav" aria-label="Main navigation"><ul class="primary-nav__list primary-nav__list--level-0" data-code="root"><li class="primary-nav__list__item primary-nav__list__item--with-children"><button class="primary-nav__list__item__link primary-nav__list__item__link--banner" data-code="xp-455-food-departments" aria-expanded="false" data-aria-current="false"><span class="primary-nav__list__item__link__text">Grocery</span><svg class="MuiSvgIcon-root primary-nav__list__item__link__icon" focusable="false" viewBox="0 0 24 24" aria-hidden="true" style="font-size: 24px;"><path d="M16.59 8.59L12 13.17 7.41 8.59 6 10l6 6 6-6z"></path></svg></button><ul class="primary-nav__list primary-nav__list--level-1" data-code="xp-455-food-departments"><li class="primary-nav__list__item primary-nav__list__item--state-hover primary-nav__list__item--state-active primary-nav__list__item--with-children"><a class="primary-nav__list__item__link" data-code="/collection/summer-insiders" aria-expanded="true" data-aria-current="page" href="/collection/summer-insiders?navid=flyout-L2-disc-summer-shop-sir"><span class="primary-nav__list__item__link__text">Summer Shop</span></a><ul class="primary-nav__list primary-nav__list--level-2" data-code="disc-summer-shop-sir"><li class="primary-nav__list__item primary-nav__list__item--see-all" data-code="disc-summer-shop-sir"><a class="primary-nav__list__item__link" data-code="disc-summer-shop-sir" href="/collection/summer-insiders?navid=flyout-L2-see-all-Summer-Shop"><span class="primary-nav__list__item__link__text">See All Summer Shop</span></a></li><div class="nav-columns column-count--5"><li class="primary-nav__list__item"><a class="primary-nav__list__item__link" data-code="/collection/summer-insiders" href="/collection/summer-insiders?navid=flyout-L3-disc-sir-nav-full-summer-shop" style="min-height: 0px;"><span class="primary-nav__list__item__link__text" style="font-weight: 600; text-decoration: underline;">Shop the Insiders Report™</span></a></li><li class="primary-nav__list__item"><a class="primary-nav__list__item__link" data-code="/collection/summer-insiders-new" href="/collection/summer-insiders-new?navid=flyout-L3-disc-sir-nav-summer-shop-must-trys"><span class="primary-nav__list__item__link__text">Summer Must Trys</span></a></li><li class="primary-nav__list__item"><a class="primary-nav__list__item__link" data-code="/collection/summer-insiders-classics" href="/collection/summer-insiders-classics?navid=flyout-L3-disc-sir-nav-summer-shop-classics"><span class="primary-nav__list__item__link__text">Insiders Report™ Classics</span></a></li><li class="primary-nav__list__item"><a class="primary-nav__list__item__link" data-code="/collection/summer-insiders-grilling-entrees" href="/collection/summer-insiders-grilling-entrees?navid=flyout-L3-disc-sir-nav-summer-shop-grilling-entrees"><span class="primary-nav__list__item__link__text">PC® Grilling &amp; Entrées</span></a></li><li class="primary-nav__list__item"><a class="primary-nav__list__item__link" data-code="/collection/summer-insiders-desserts" href="/collection/summer-insiders-desserts?navid=flyout-L3-disc-sir-nav-summer-shop-icecream-desserts"><span class="primary-nav__list__item__link__text">Ice Cream &amp; Desserts</span></a></li><li class="primary-nav__list__item"><a class="primary-nav__list__item__link" data-code="/collection/summer-insiders-appetizers" href="/collection/summer-insiders-appetizers?navid=flyout-L3-disc-sir-nav-summer-shop-appetizers-drinks"><span class="primary-nav__list__item__link__text">Apps and Drinks for anytime</span></a></li><li class="primary-nav__list__item"><a class="primary-nav__list__item__link" data-code="/collection/summer-insiders-value-snacks-appetizers-drinks" href="/collection/summer-insiders-value-snacks-appetizers-drinks?navid=flyout-L3-disc-sir-nav-summer-shop-essentials-value"><span class="primary-nav__list__item__link__text">Summer Essentials from $3.99</span></a></li><li class="primary-nav__list__item"><a class="primary-nav__list__item__link" data-code="/collection/summer-insiders-value-desserts" href="/collection/summer-insiders-value-desserts?navid=flyout-L3-disc-sir-nav-summer-shop-desserts-value"><span class="primary-nav__list__item__link__text">Summer Desserts from $3.99</span></a></li><li class="primary-nav__list__item"><a class="primary-nav__list__item__link" data-code="/collection/summer-bbq-meat-seafood" href="/collection/summer-bbq-meat-seafood?navid=flyout-L3-summer-bbq" style="min-height: 0px;"><span class="primary-nav__list__item__link__text" style="font-weight: 600; text-decoration: underline;">It's BBQ Season!</span></a></li><li class="primary-nav__list__item"><a class="primary-nav__list__item__link" data-code="/collection/summer-bbq-meat-seafood" href="/collection/summer-bbq-meat-seafood?navid=flyout-L3-summer-bbq-meat-seafood"><span class="primary-nav__list__item__link__text">BBQ Meat &amp; Seafood</span></a></li><li class="primary-nav__list__item"><a class="primary-nav__list__item__link" data-code="/collection/summer-bbq-beverages-snacks-dessert" href="/collection/summer-bbq-beverages-snacks-dessert?navid=flyout-L3-summer-bbq-snacks"><span class="primary-nav__list__item__link__text">BBQ Snacks &amp; Drinks</span></a></li><li class="primary-nav__list__item"><a class="primary-nav__list__item__link" data-code="/collection/summer-bbq-condiments" href="/collection/summer-bbq-condiments?navid=flyout-L3-summer-bbq-sauces"><span class="primary-nav__list__item__link__text">BBQ Condiments &amp; Sauces</span></a></li><li class="primary-nav__list__item"><a class="primary-nav__list__item__link" data-code="/collection/summer-bbq-must-haves" href="/collection/summer-bbq-must-haves?navid=flyout-L3-summer-bbq-sides"><span class="primary-nav__list__item__link__text">BBQ Sides</span></a></li><li class="primary-nav__list__item"><a class="primary-nav__list__item__link" data-code="/collection/fathers-day-grilling" href="/collection/fathers-day-grilling?navid=flyout-L3-fathers-day" style="min-height: 0px;"><span class="primary-nav__list__item__link__text" style="font-weight: 600; text-decoration: underline;">Father's Day</span></a></li><li class="primary-nav__list__item"><a class="primary-nav__list__item__link" data-code="/collection/fathers-day-grilling" href="/collection/fathers-day-grilling?navid=flyout-L3-fathers-day-grilling"><span class="primary-nav__list__item__link__text">Father's Day Grilling</span></a></li><li class="primary-nav__list__item"><a class="primary-nav__list__item__link" data-code="/collection/fathers-day-snacks-beverages" href="/collection/fathers-day-snacks-beverages?navid=flyout-L3-fathers-day-snacks-beverages"><span class="primary-nav__list__item__link__text">Father's Day Snacks &amp; Beverages</span></a></li><li class="primary-nav__list__item"><a class="primary-nav__list__item__link" data-code="/collection/ramadan-fasting" href="/collection/ramadan-fasting?navid=flyout-L3-eid-al-adha" style="min-height: 0px;"><span class="primary-nav__list__item__link__text" style="font-weight: 600; text-decoration: underline;">Eid Al Adha</span></a></li><li class="primary-nav__list__item"><a class="primary-nav__list__item__link" data-code="/collection/ramadan-hosting" href="/collection/ramadan-hosting?navid=flyout-L3-eid-al-adha"><span class="primary-nav__list__item__link__text">Hosting for Eid</span></a></li><li class="primary-nav__list__item"><a class="primary-nav__list__item__link" data-code="/collection/ramadan-entertaining" href="/collection/ramadan-entertaining?navid=flyout-L3-eid-al-adha"><span class="primary-nav__list__item__link__text">Eid Appetizers &amp; Meal Prep</span></a></li><li class="primary-nav__list__item"><a class="primary-nav__list__item__link" data-code="/collection/ramadan-drinks" href="/collection/ramadan-drinks?navid=flyout-L3-eid-al-adha"><span class="primary-nav__list__item__link__text">Eid Beverages</span></a></li><li class="primary-nav__list__item"><a class="primary-nav__list__item__link" data-code="/collection/ramadan-diy-gift-baskets" href="/collection/ramadan-diy-gift-baskets?navid=flyout-L3-eid-al-adha"><span class="primary-nav__list__item__link__text">Eid Desserts &amp; Treats</span></a></li></div></ul></li><li class="primary-nav__list__item primary-nav__list__item--with-children"><a class="primary-nav__list__item__link" data-code="28000" aria-expanded="false" href="/food/fruits-vegetables/c/28000?navid=flyout-L2-fruits-vegetables"><span class="primary-nav__list__item__link__text">Fruits &amp; Vegetables</span></a></li><li class="primary-nav__list__item primary-nav__list__item--with-children"><a class="primary-nav__list__item__link" data-code="28003" aria-expanded="false" href="/food/dairy-eggs/c/28003?navid=flyout-L2-Dairy-and-Eggs"><span class="primary-nav__list__item__link__text">Dairy &amp; Eggs</span></a></li><li class="primary-nav__list__item primary-nav__list__item--with-children"><a class="primary-nav__list__item__link" data-code="28006" aria-expanded="false" href="/food/pantry/c/28006?navid=flyout-L2-Pantry"><span class="primary-nav__list__item__link__text">Pantry</span></a></li><li class="primary-nav__list__item primary-nav__list__item--with-children"><a class="primary-nav__list__item__link" data-code="58044" aria-expanded="false" href="/food/international-foods/c/58044?navid=flyout-L2-International-Foods"><span class="primary-nav__list__item__link__text">International Foods</span></a></li><li class="primary-nav__list__item primary-nav__list__item--with-children"><a class="primary-nav__list__item__link" data-code="27998" aria-expanded="false" href="/food/meat/c/27998?navid=flyout-L2-Meat"><span class="primary-nav__list__item__link__text">Meat</span></a></li><li class="primary-nav__list__item primary-nav__list__item--with-children"><a class="primary-nav__list__item__link" data-code="27999" aria-expanded="false" href="/food/fish-seafood/c/27999?navid=flyout-L2-Fish-and-Seafood"><span class="primary-nav__list__item__link__text">Fish &amp; Seafood</span></a></li><li class="primary-nav__list__item primary-nav__list__item--with-children"><a class="primary-nav__list__item__link" data-code="57025" aria-expanded="false" href="/food/snacks-chips-candy/c/57025?navid=flyout-L2-snacks-chips-and-candy"><span class="primary-nav__list__item__link__text">Snacks, Chips &amp; Candy</span></a></li><li class="primary-nav__list__item primary-nav__list__item--with-children"><a class="primary-nav__list__item__link" data-code="28004" aria-expanded="false" href="/food/drinks/c/28004?navid=flyout-L2-Drinks"><span class="primary-nav__list__item__link__text">Drinks</span></a></li><li class="primary-nav__list__item primary-nav__list__item--with-children"><a class="primary-nav__list__item__link" data-code="28005" aria-expanded="false" href="/food/frozen-food/c/28005?navid=flyout-L2-frozen-food"><span class="primary-nav__list__item__link__text">Frozen Food</span></a></li><li class="primary-nav__list__item primary-nav__list__item--with-children"><a class="primary-nav__list__item__link" data-code="28189" aria-expanded="false" href="/food/natural-and-organic/c/28189?navid=flyout-L2-Natural-Organic"><span class="primary-nav__list__item__link__text">Natural and Organic</span></a></li><li class="primary-nav__list__item primary-nav__list__item--with-children"><a class="primary-nav__list__item__link" data-code="28001" aria-expanded="false" href="/food/deli/c/28001?navid=flyout-L2-Deli"><span class="primary-nav__list__item__link__text">Deli</span></a></li><li class="primary-nav__list__item primary-nav__list__item--with-children"><a class="primary-nav__list__item__link" data-code="28002" aria-expanded="false" href="/food/bakery/c/28002?navid=flyout-L2-Bakery"><span class="primary-nav__list__item__link__text">Bakery</span></a></li><li class="primary-nav__list__item primary-nav__list__item--with-children"><a class="primary-nav__list__item__link" data-code="27996" aria-expanded="false" href="/food/prepared-meals/c/27996?navid=flyout-L2-Prepared-Meals"><span class="primary-nav__list__item__link__text">Prepared Meals</span></a></li><li class="primary-nav__list__item"><a class="primary-nav__list__item__link" data-code="58821" href="/floral-shop/c/58821?navid=flyout-L2-FloralShop"><span class="primary-nav__list__item__link__text">Floral Shop</span></a></li></ul></li><li class="primary-nav__list__item primary-nav__list__item--with-children"><button class="primary-nav__list__item__link primary-nav__list__item__link--banner" data-code="xp-455-nonfood-departments" aria-expanded="false" data-aria-current="false"><span class="primary-nav__list__item__link__text">Home, Beauty &amp; Baby</span><svg class="MuiSvgIcon-root primary-nav__list__item__link__icon" focusable="false" viewBox="0 0 24 24" aria-hidden="true" style="font-size: 24px;"><path d="M16.59 8.59L12 13.17 7.41 8.59 6 10l6 6 6-6z"></path></svg></button><ul class="primary-nav__list primary-nav__list--level-1" data-code="xp-455-nonfood-departments"><li class="primary-nav__list__item primary-nav__list__item--state-hover primary-nav__list__item--state-active primary-nav__list__item--with-children"><a class="primary-nav__list__item__link" data-code="/print-flyer?flyer_run_id=912780&amp;flyer_type_name=genmerch" aria-expanded="true" data-aria-current="page" href="/print-flyer?flyer_run_id=912780&amp;flyer_type_name=genmerch&amp;navid=non-food-seasonal-shop-2024"><span class="primary-nav__list__item__link__text">Seasonal Shop</span></a><ul class="primary-nav__list primary-nav__list--level-2" data-code="non-food-seasonal-shop-2024"><li class="primary-nav__list__item primary-nav__list__item--see-all" data-code="non-food-seasonal-shop-2024"><a class="primary-nav__list__item__link" data-code="non-food-seasonal-shop-2024" href="/print-flyer?flyer_run_id=912780&amp;flyer_type_name=genmerch?navid=flyout-L2-see-all-Seasonal-Shop"><span class="primary-nav__list__item__link__text">See All Seasonal Shop</span></a></li><div class="nav-columns column-count--3"><li class="primary-nav__list__item"><a class="primary-nav__list__item__link" data-code="29362" href="/health-beauty/health-care/allergy-sinus/c/29362?navid=flyout-L3-allergy-sinus" style="min-height: 0px;"><span class="primary-nav__list__item__link__text" style="font-weight: 600; text-decoration: underline;">Allergy Relief</span></a></li><li class="primary-nav__list__item"><a class="primary-nav__list__item__link" data-code="/collection/spring-cleaning-value" href="/collection/spring-cleaning-value?navid=flyout-L3-spring-cleaning" style="min-height: 0px;"><span class="primary-nav__list__item__link__text" style="font-weight: 600; text-decoration: underline;">Spring Cleaning</span></a></li><li class="primary-nav__list__item"><a class="primary-nav__list__item__link" data-code="/collection/spring-cleaning-value" href="/collection/spring-cleaning-value?navid=flyout-L3-spring-cleaning-value"><span class="primary-nav__list__item__link__text">Cleaning Essentials</span></a></li><li class="primary-nav__list__item"><a class="primary-nav__list__item__link" data-code="/collection/spring-cleaning-products" href="/collection/spring-cleaning-products?navid=flyout-L3-spring-cleaning-household-products"><span class="primary-nav__list__item__link__text">Household Products</span></a></li><li class="primary-nav__list__item"><a class="primary-nav__list__item__link" data-code="/collection/spring-cleaning-laundry" href="/collection/spring-cleaning-laundry?navid=flyout-L3-spring-cleaning-laundry"><span class="primary-nav__list__item__link__text">Laundry Products</span></a></li></div></ul></li><li class="primary-nav__list__item primary-nav__list__item--with-children"><a class="primary-nav__list__item__link" data-code="27987" aria-expanded="false" href="/baby/c/27987?navid=flyout-L2-Baby"><span class="primary-nav__list__item__link__text">Baby</span></a></li><li class="primary-nav__list__item primary-nav__list__item--with-children"><a class="primary-nav__list__item__link" data-code="27988" aria-expanded="false" href="/pet-supplies/c/27988?navid=flyout-L2-Pet-Food-Supplies"><span class="primary-nav__list__item__link__text">Pet Food &amp; Supplies</span></a></li><li class="primary-nav__list__item primary-nav__list__item--with-children"><a class="primary-nav__list__item__link" data-code="28011" aria-expanded="false" href="/home-and-living/household-cleaning-products/c/28011?navid=flyout-L2-Household-and-Cleaning-Products"><span class="primary-nav__list__item__link__text">Household Supplies</span></a></li><li class="primary-nav__list__item primary-nav__list__item--with-children"><a class="primary-nav__list__item__link" data-code="27986" aria-expanded="false" href="/home-and-living/c/27986?navid=flyout-L2-Home &amp; Kitchen"><span class="primary-nav__list__item__link__text">Home &amp; Kitchen</span></a></li><li class="primary-nav__list__item primary-nav__list__item--with-children"><a class="primary-nav__list__item__link" data-code="27994" aria-expanded="false" href="/health-beauty/c/27994?navid=flyout-L2-Health-and-Beauty"><span class="primary-nav__list__item__link__text">Health &amp; Beauty</span></a></li><li class="primary-nav__list__item primary-nav__list__item--with-children"><a class="primary-nav__list__item__link" data-code="27992" aria-expanded="false" href="/computers-electronics/c/27992?navid=flyout-L2-Electronics &amp; Batteries "><span class="primary-nav__list__item__link__text">Electronics &amp; Batteries </span></a></li></ul></li><li class="primary-nav__list__item primary-nav__list__item--with-children"><button class="primary-nav__list__item__link" data-code="WhatsNew" aria-expanded="false" data-aria-current="false"><span class="primary-nav__list__item__link__text">New &amp; Now</span><svg class="MuiSvgIcon-root primary-nav__list__item__link__icon" focusable="false" viewBox="0 0 24 24" aria-hidden="true" style="font-size: 24px;"><path d="M16.59 8.59L12 13.17 7.41 8.59 6 10l6 6 6-6z"></path></svg></button><ul class="primary-nav__list primary-nav__list--level-1" data-code="WhatsNew"><li class="primary-nav__list__item"><a class="primary-nav__list__item__link" data-code="/collection/disc-new" href="/collection/disc-new?navid=flyout-L2-disc-new-arrivals-nav-discovery"><span class="primary-nav__list__item__link__text">New Arrivals</span></a></li><li class="primary-nav__list__item"><a class="primary-nav__list__item__link" data-code="/browse-by-brand" href="/browse-by-brand?navid=flyout-L2-Browse-by-Brand"><span class="primary-nav__list__item__link__text">Browse By Brand</span></a></li><li class="primary-nav__list__item"><a class="primary-nav__list__item__link" data-code="/collection/summer-insiders-new" href="/collection/summer-insiders-new?navid=flyout-L2-disc-sir-nav-summer-shop-new-must-trys"><span class="primary-nav__list__item__link__text">NEW! For summer</span></a></li><li class="primary-nav__list__item"><a class="primary-nav__list__item__link" data-code="/collection/disc-pizzeria-ready-to-eat" href="/collection/disc-pizzeria-ready-to-eat?navid=flyout-L2-seasonal-shop-nav-disc-pizza"><span class="primary-nav__list__item__link__text">Pizza essentials for less</span></a></li><li class="primary-nav__list__item"><a class="primary-nav__list__item__link" data-code="/collection/disc-bake-shop-essentials" href="/collection/disc-bake-shop-essentials?navid=flyout-L2-seasonal-shop-nav-disc-the-bake-shop"><span class="primary-nav__list__item__link__text">The Bake Shop</span></a></li><li class="primary-nav__list__item"><a class="primary-nav__list__item__link" data-code="/collection/celebrate-party-entertaining" href="/collection/celebrate-party-entertaining?navid=flyout-L2-seasonal-shop-nav-disc-party"><span class="primary-nav__list__item__link__text">Entertaining &amp; Party</span></a></li><li class="primary-nav__list__item"><a class="primary-nav__list__item__link" data-code="/collection/disc-natural-value" href="/collection/disc-natural-value?navid=flyout-L2-disc-dietary-alternatives-nav-discovery"><span class="primary-nav__list__item__link__text">Dietary Alternatives</span></a></li><li class="primary-nav__list__item"><a class="primary-nav__list__item__link" data-code="/collection/disc-hot-beverages-coffee" href="/collection/disc-hot-beverages-coffee?navid=flyout-L2-seasonal-shop-nav-disc-hot-bev"><span class="primary-nav__list__item__link__text">Coffee, tea &amp; hot drinks</span></a></li><li class="primary-nav__list__item"><a class="primary-nav__list__item__link" data-code="/collection/ice-cream-shop" href="/collection/ice-cream-shop?navid=flyout-L2-ice-cream-shop"><span class="primary-nav__list__item__link__text">Ice Cream Shop</span></a></li></ul></li><li class="primary-nav__list__item primary-nav__list__item--with-children"><button class="primary-nav__list__item__link" data-code="my-shop" aria-expanded="false" data-aria-current="false"><span class="primary-nav__list__item__link__text">My Shop</span><svg class="MuiSvgIcon-root primary-nav__list__item__link__icon" focusable="false" viewBox="0 0 24 24" aria-hidden="true" style="font-size: 24px;"><path d="M16.59 8.59L12 13.17 7.41 8.59 6 10l6 6 6-6z"></path></svg></button><ul class="primary-nav__list primary-nav__list--level-1" data-code="my-shop"><li class="primary-nav__list__item"><a class="primary-nav__list__item__link" data-code="/myshop" href="/myshop?navid=flyout-L2-QuickShopMostPurchasedNode"><span class="primary-nav__list__item__link__text">Most Purchased</span></a></li><li class="primary-nav__list__item"><a class="primary-nav__list__item__link" data-code="/myshop/past-orders" href="/myshop/past-orders?navid=flyout-L2-past-orders"><span class="primary-nav__list__item__link__text">Past Orders</span></a></li><li class="primary-nav__list__item"><a class="primary-nav__list__item__link" data-code="/myshop/aisles" href="/myshop/aisles?navid=flyout-L2-myshop-aisles"><span class="primary-nav__list__item__link__text">Aisles</span></a></li><li class="primary-nav__list__item"><a class="primary-nav__list__item__link" data-code="/lists" href="/lists?navid=flyout-L2-Shopping-List"><span class="primary-nav__list__item__link__text">Shopping List</span></a></li></ul></li><li class="primary-nav__list__item primary-nav__list__item--with-children"><button class="primary-nav__list__item__link" data-code="flyers-deals" aria-expanded="false" data-aria-current="false"><span class="primary-nav__list__item__link__text">Flyers &amp; Deals</span><svg class="MuiSvgIcon-root primary-nav__list__item__link__icon" focusable="false" viewBox="0 0 24 24" aria-hidden="true" style="font-size: 24px;"><path d="M16.59 8.59L12 13.17 7.41 8.59 6 10l6 6 6-6z"></path></svg></button><ul class="primary-nav__list primary-nav__list--level-1" data-code="flyers-deals"><li class="primary-nav__list__item"><a class="primary-nav__list__item__link" data-code="/print-flyer" href="/print-flyer?navid=flyout-L2-Flyer"><span class="primary-nav__list__item__link__text">Flyer</span></a></li><li class="primary-nav__list__item"><a class="primary-nav__list__item__link" data-code="/deals/all" href="/deals/all?navid=flyout-L2-All-Deals"><span class="primary-nav__list__item__link__text">All Deals</span></a></li><li class="primary-nav__list__item"><a class="primary-nav__list__item__link" data-code="/collection/online-offers" href="/collection/online-offers?navid=flyout-L2-fathers-day-offer"><span class="primary-nav__list__item__link__text">Spend $15, Get 5K PC Points on Hot Dogs, Sausages and BBQ Essentials - Use Code BBQ5K</span></a></li><li class="primary-nav__list__item"><a class="primary-nav__list__item__link" data-code="/collection/summer-insiders-value-desserts" href="/collection/summer-insiders-value-desserts?navid=flyout-L2-disc-sir-nav-summer-shop-deals-desserts"><span class="primary-nav__list__item__link__text">Summer Desserts from $3.99</span></a></li><li class="primary-nav__list__item"><a class="primary-nav__list__item__link" data-code="/collection/summer-insiders-value-snacks-appetizers-drinks" href="/collection/summer-insiders-value-snacks-appetizers-drinks?navid=flyout-L2-disc-sir-nav-summer-shop-deals-appetizers-drinks"><span class="primary-nav__list__item__link__text">Summer Essentials from $3.99</span></a></li><li class="primary-nav__list__item"><a class="primary-nav__list__item__link" data-code="/collection/disc-always-theme1" href="/collection/disc-always-theme1?navid=flyout-L2-flyer-deals-nav-disc-always-prices"><span class="primary-nav__list__item__link__text">Always Prices</span></a></li><li class="primary-nav__list__item"><a class="primary-nav__list__item__link" data-code="/collection/value" href="/collection/value?navid=flyout-L2-hit-of-the-month"><span class="primary-nav__list__item__link__text">Hit Of The Month</span></a></li><li class="primary-nav__list__item"><a class="primary-nav__list__item__link" data-code="/collection/dollar-ad" href="/collection/dollar-ad?navid=flyout-L2-dollar-ad"><span class="primary-nav__list__item__link__text">Dollar Items</span></a></li><li class="primary-nav__list__item"><a class="primary-nav__list__item__link" data-code="/collection/disc-no-name-meal-solutions" href="/collection/disc-no-name-meal-solutions?navid=flyout-L2-no-name"><span class="primary-nav__list__item__link__text">shop no name</span></a></li><li class="primary-nav__list__item"><a class="primary-nav__list__item__link" data-code="/wont-be-beat" href="/wont-be-beat?navid=flyout-L2-flyers-deals-won't-be-beat"><span class="primary-nav__list__item__link__text">Won't Be Beat</span></a></li></ul></li><li class="primary-nav__list__item primary-nav__list__item--with-children"><button class="primary-nav__list__item__link" data-code="services" aria-expanded="false" data-aria-current="false"><span class="primary-nav__list__item__link__text">Services</span><svg class="MuiSvgIcon-root primary-nav__list__item__link__icon" focusable="false" viewBox="0 0 24 24" aria-hidden="true" style="font-size: 24px;"><path d="M16.59 8.59L12 13.17 7.41 8.59 6 10l6 6 6-6z"></path></svg></button><ul class="primary-nav__list primary-nav__list--level-1" data-code="services"><li class="primary-nav__list__item"><a class="primary-nav__list__item__link" data-code="/pharmacy" href="/pharmacy?navid=flyout-L2-Pharmacy"><span class="primary-nav__list__item__link__text">Pharmacy</span></a></li><li class="primary-nav__list__item"><a class="primary-nav__list__item__link" data-code="/optical?navid=optical" href="/optical?navid=optical&amp;navid=Optical"><span class="primary-nav__list__item__link__text">Optical</span></a></li><li class="primary-nav__list__item"><a class="primary-nav__list__item__link" data-code="/medical-clinics?navid=medical-clinics" href="/medical-clinics?navid=medical-clinics&amp;navid=Medical Clinics"><span class="primary-nav__list__item__link__text">Medical Clinics</span></a></li><li class="primary-nav__list__item"><a href="https://erefill.yourhealthmattershere.ca/lcl-erefill-services/home/en_CA/welcome?navid=flyout-L2-perscription-management" aria-describedby="describe-link-opens-new-tab" target="_blank" rel="noopener noreferrer" class="primary-nav__list__item__link" data-code="https://erefill.yourhealthmattershere.ca/lcl-erefill-services/home/en_CA/welcome" data-is-external-link="true"><span class="primary-nav__list__item__link__text">Prescription Management </span></a></li><li class="primary-nav__list__item"><a class="primary-nav__list__item__link" data-code="/digital-flyer-subscriptions" href="/digital-flyer-subscriptions?navid=flyout-L2-digital-newsletter"><span class="primary-nav__list__item__link__text">Let's go digital, digital</span></a></li></ul></li><li class="primary-nav__list__item"><a class="primary-nav__list__item__link" data-code="/pc-express-pass" href="/pc-express-pass?navid=flyout-L1-PCXPass"><span class="primary-nav__list__item__link__text">PC Express Pass</span></a></li></ul></nav></div><div class="menu-bar__account menu-bar__account--exp-BX-2651-shift-flyout-down"><div class="header-account-links"><div class="header-account-links__item"><div class="account account--exp-BX-2651-login-font-color"><a class="sign-in account__login-link" data-track="headerSignInLink" data-auid="account-login-button" href="/account/login?redirect=/"><svg class="MuiSvgIcon-root account__login-link__icon" focusable="false" viewBox="0 0 24 24" aria-hidden="true" style="font-size: 16px;"><path d="M12 2C6.48 2 2 6.48 2 12s4.48 10 10 10 10-4.48 10-10S17.52 2 12 2zM7.07 18.28c.43-.9 3.05-1.78 4.93-1.78s4.51.88 4.93 1.78C15.57 19.36 13.86 20 12 20s-3.57-.64-4.93-1.72zm11.29-1.45c-1.43-1.74-4.9-2.33-6.36-2.33s-4.93.59-6.36 2.33C4.62 15.49 4 13.82 4 12c0-4.41 3.59-8 8-8s8 3.59 8 8c0 1.82-.62 3.49-1.64 4.83zM12 6c-1.94 0-3.5 1.56-3.5 3.5S10.06 13 12 13s3.5-1.56 3.5-3.5S13.94 6 12 6zm0 5c-.83 0-1.5-.67-1.5-1.5S11.17 8 12 8s1.5.67 1.5 1.5S12.83 11 12 11z"></path></svg>Sign In</a></div></div></div></div><div class="menu-bar__mini-cart" data-auid="mini-cart"><div class="mini-cart mini-cart--inactive" data-cruller="conditional-content-inactive"><button class="desktop-mini-cart-button" data-track="headerMiniCartButton" data-auid="mini-cart-button" aria-expanded="false" alt="Review Cart" data-testid="mini-cart-button"><span class="sr-only sr-only-focusable">Review Cart</span><div class="cart-item-count cart-item-count--length-0"><svg class="MuiSvgIcon-root cart-item-count__icon" focusable="false" viewBox="0 0 24 24" aria-hidden="true"><path d="M15.55 13c.75 0 1.41-.41 1.75-1.03l3.58-6.49c.37-.66-.11-1.48-.87-1.48H5.21l-.94-2H1v2h2l3.6 7.59-1.35 2.44C4.52 15.37 5.48 17 7 17h12v-2H7l1.1-2h7.45zM6.16 6h12.15l-2.76 5H8.53L6.16 6zM7 18c-1.1 0-1.99.9-1.99 2S5.9 22 7 22s2-.9 2-2-.9-2-2-2zm10 0c-1.1 0-1.99.9-1.99 2s.89 2 1.99 2 2-.9 2-2-.9-2-2-2z"></path></svg><span class="cart-item-count__text" data-cruller="mini-cart-item-count">0</span></div><div class="desktop-mini-cart-button__subtotal"><span class="cart-subtotal"><span data-cruller="cart-subtotal-text">$0.00</span></span></div><svg class="MuiSvgIcon-root desktop-mini-cart-button__icon" focusable="false" viewBox="0 0 24 24" aria-hidden="true" style="font-size: 18px;"><path d="M16.59 8.59L12 13.17 7.41 8.59 6 10l6 6 6-6z"></path></svg></button><div class="mini-cart__flyout" data-track-product-component="mini-cart" data-auid="mini-cart-flyout" data-cruller="mini-cart-flyout"><div class="cart-empty-warning"><p class="text text--small6 text--left text--default-color cart-empty-warning cart-empty-warning--text" role="status" tabindex="0">Your cart is empty</p></div><div class="cart-summary"><div class="cart-summary__content"><div class="cart-summary__content__subtotal"><span class="cart-summary__content__subtotal__text">Subtotal: </span><span class="cart-summary__content__subtotal__value">$0.00</span></div><button class="checkout-button checkout-button--cart-summary checkout-button--disabled" data-auid="checkout-button" data-cruller="checkout-button" disabled="" aria-disabled="true">Checkout</button></div></div></div></div></div><button class="checkout-button checkout-button--menu-bar checkout-button--disabled" data-auid="checkout-button" data-cruller="checkout-button" disabled="" aria-disabled="true">Checkout</button></div></header></div></div></div><div class="site-layout__content" style="margin-top: 0px;"><main class="site-content" id="site-content"><div class="view-resolver-component"><div class="css-1bju4e2"><div role="region" class="css-1b2i814"><div class="splide splide--loop splide--ltr splide--draggable is-active is-overflow is-initialized" aria-label="Banners" extensions="[object Object]" id="splide01" role="region" aria-roledescription="carousel"><div class="splide__arrows splide__arrows--ltr"><button class="splide__arrow splide__arrow--prev" type="button" aria-label="Go to last slide" aria-controls="splide01-track"><svg xmlns="http://www.w3.org/2000/svg" viewBox="0 0 40 40" width="40" height="40" focusable="false"><path d="m15.5 0.932-4.3 4.38 14.5 14.6-14.5 14.5 4.3 4.4 14.6-14.6 4.4-4.3-4.4-4.4-14.6-14.6z"></path></svg></button><button class="splide__arrow splide__arrow--next" type="button" aria-label="Next slide" aria-controls="splide01-track"><svg xmlns="http://www.w3.org/2000/svg" viewBox="0 0 40 40" width="40" height="40" focusable="false"><path d="m15.5 0.932-4.3 4.38 14.5 14.6-14.5 14.5 4.3 4.4 14.6-14.6 4.4-4.3-4.4-4.4-14.6-14.6z"></path></svg></button></div><div class="splide__track splide__track--loop splide__track--ltr splide__track--draggable" id="splide01-track" style="padding-left: 0px; padding-right: 0px; transition: height 0.4s ease 0s; height: 300px;"><div class="splide__list" id="splide01-list" role="presentation" style="transform: translateX(-3840px); align-items: flex-start;"><div class="splide__slide splide__slide--clone" id="splide01-clone01" role="tabpanel" aria-roledescription="slide" aria-label="slide 2" style="width: calc(100%);" aria-hidden="true"><div class="banner-container css-1kqwsnl"><div class="chakra-container banner-wrapper css-362cmi" data-testid="section"><div class="banner-content css-1v8w7ae"><div class="badges-text-content css-k008qs"><div class="logo-text-content css-k008qs"><h2 class="chakra-text css-13is3q4" data-testid="banner-title">Big Dreams. Baby Prices. </h2><span class="chakra-text css-xstlix" data-testid="banner-body">Baby care essentials for your precious little ones</span></div></div><div class="chakra-stack css-3p39qh"><a class="chakra-link promo-btn css-xgrybd" data-testid="banner-promo-button-0" href="/baby/c/27987?icid=gr_nf-baby_hero_2_hp" tabindex="-1">SHOP NOW</a></div></div><div class="banner-media css-14bm7b5"><img alt="" src="https://dis-prod.assetful.loblaw.ca/content/dam/loblaw-companies-limited/creative-assets/grocery/2024/wk3/cs-12470-wks-3-12-2024-discount-baby-shop-(evergreen)/nf/hero-filled/wk5-8_nf_hero_filled_baby_b3_bil.png?imwidth=856" loading="lazy" class="chakra-image css-0" data-testid="banner-image" data-splide-lazy="https://dis-prod.assetful.loblaw.ca/content/dam/loblaw-companies-limited/creative-assets/grocery/2024/wk3/cs-12470-wks-3-12-2024-discount-baby-shop-(evergreen)/nf/hero-filled/wk5-8_nf_hero_filled_baby_b3_bil.png?imwidth=856"><span class="splide__spinner"></span></div></div></div></div><div class="splide__slide splide__slide--clone is-loading is-prev" id="splide01-clone02" role="tabpanel" aria-roledescription="slide" aria-label="slide 3" style="width: calc(100%);" aria-hidden="true"><div class="banner-container css-1kqwsnl"><div class="chakra-container banner-wrapper css-362cmi" data-testid="section"><div class="banner-content css-1v8w7ae"><div class="badges-text-content css-k008qs"><div class="logo-text-content css-k008qs"><h2 class="chakra-text css-13is3q4" data-testid="banner-title">For flippin' great dads</h2><span class="chakra-text css-xstlix" data-testid="banner-body">Give dad a break from grilling and serve him his BBQ faves for less.</span></div></div><div class="chakra-stack css-3p39qh"><a class="chakra-link promo-btn css-xgrybd" data-testid="banner-promo-button-0" href="collection/fathers-day-grilling?icid=gr_fathers-day_hero_3_hp" tabindex="-1">SHOP NOW</a></div></div><div class="banner-media css-14bm7b5"><img alt="" src="https://dis-prod.assetful.loblaw.ca/content/dam/loblaw-companies-limited/creative-assets/grocery/2024/wk23/cs-13020-wks-23-25-2024-father's-day-(discount)/nf/hero-filled/wk23-24_nf_hero-filled-FathersDay_grilling_b1.png?imwidth=856" loading="lazy" class="chakra-image css-0" data-testid="banner-image"><span class="splide__spinner"></span></div></div></div></div><div class="splide__slide is-active is-visible" id="splide01-slide01" role="tabpanel" aria-roledescription="slide" aria-label="slide 1" style="width: calc(100%);"><div class="banner-container css-1gpnh7v"><div class="chakra-container banner-wrapper css-362cmi" data-testid="section"><div class="banner-content css-mcydms"><div class="badges-text-content css-k008qs"><div class="logo-text-content css-k008qs"><h2 class="chakra-text css-cdlnl8" data-testid="banner-title">Get summer apps with PC Express</h2><span class="chakra-text css-1na1tkp" data-testid="banner-body">Get noshes and nibbles delivered in as little as 2 hours.</span></div></div><div class="chakra-stack css-3p39qh"><a class="chakra-link promo-btn css-1fdlz2y" data-testid="banner-promo-button-0" href="/collection/summer-insiders-value-snacks-appetizers-drinks?icid=gr_disc_sir_hero_cta_1_hp">Shop Apps</a><a class="chakra-link promo-btn css-1fdlz2y" data-testid="banner-promo-button-1" href="/collection/summer-insiders?icid=gr_disc_sir_hero_cta_2_hp">Shop Insiders</a></div></div><div class="banner-media css-14bm7b5"><img alt="" src="https://dis-prod.assetful.loblaw.ca/content/dam/loblaw-companies-limited/creative-assets/grocery/2024/wk21/cs-12979-wks-21-28-2024-discount-summer-insiders/nf/value-snacks-appetizers/hero-filled/wk23-24_nf_web-hero-banner-filled_sir-2024_value-snacks-appetizers_b1_bil.jpg?imwidth=856" loading="lazy" class="chakra-image css-0" data-testid="banner-image"></div></div></div></div><div class="splide__slide is-loading is-next" id="splide01-slide02" role="tabpanel" aria-roledescription="slide" aria-label="slide 2" style="width: calc(100%);" aria-hidden="true"><div class="banner-container css-1kqwsnl"><div class="chakra-container banner-wrapper css-362cmi" data-testid="section"><div class="banner-content css-1v8w7ae"><div class="badges-text-content css-k008qs"><div class="logo-text-content css-k008qs"><h2 class="chakra-text css-13is3q4" data-testid="banner-title">Big Dreams. Baby Prices. </h2><span class="chakra-text css-xstlix" data-testid="banner-body">Baby care essentials for your precious little ones</span></div></div><div class="chakra-stack css-3p39qh"><a class="chakra-link promo-btn css-xgrybd" data-testid="banner-promo-button-0" href="/baby/c/27987?icid=gr_nf-baby_hero_2_hp" tabindex="-1">SHOP NOW</a></div></div><div class="banner-media css-14bm7b5"><img alt="" src="https://dis-prod.assetful.loblaw.ca/content/dam/loblaw-companies-limited/creative-assets/grocery/2024/wk3/cs-12470-wks-3-12-2024-discount-baby-shop-(evergreen)/nf/hero-filled/wk5-8_nf_hero_filled_baby_b3_bil.png?imwidth=856" loading="lazy" class="chakra-image css-0" data-testid="banner-image"><span class="splide__spinner"></span></div></div></div></div><div class="splide__slide is-loading" id="splide01-slide03" role="tabpanel" aria-roledescription="slide" aria-label="slide 3" style="width: calc(100%);" aria-hidden="true"><div class="banner-container css-1kqwsnl"><div class="chakra-container banner-wrapper css-362cmi" data-testid="section"><div class="banner-content css-1v8w7ae"><div class="badges-text-content css-k008qs"><div class="logo-text-content css-k008qs"><h2 class="chakra-text css-13is3q4" data-testid="banner-title">For flippin' great dads</h2><span class="chakra-text css-xstlix" data-testid="banner-body">Give dad a break from grilling and serve him his BBQ faves for less.</span></div></div><div class="chakra-stack css-3p39qh"><a class="chakra-link promo-btn css-xgrybd" data-testid="banner-promo-button-0" href="collection/fathers-day-grilling?icid=gr_fathers-day_hero_3_hp" tabindex="-1">SHOP NOW</a></div></div><div class="banner-media css-14bm7b5"><img alt="" src="https://dis-prod.assetful.loblaw.ca/content/dam/loblaw-companies-limited/creative-assets/grocery/2024/wk23/cs-13020-wks-23-25-2024-father's-day-(discount)/nf/hero-filled/wk23-24_nf_hero-filled-FathersDay_grilling_b1.png?imwidth=856" loading="lazy" class="chakra-image css-0" data-testid="banner-image"><span class="splide__spinner"></span></div></div></div></div><div class="splide__slide splide__slide--clone is-active" id="splide01-clone03" role="tabpanel" aria-roledescription="slide" aria-label="slide 1" style="width: calc(100%);" aria-hidden="true"><div class="banner-container css-1gpnh7v"><div class="chakra-container banner-wrapper css-362cmi" data-testid="section"><div class="banner-content css-mcydms"><div class="badges-text-content css-k008qs"><div class="logo-text-content css-k008qs"><h2 class="chakra-text css-cdlnl8" data-testid="banner-title">Get summer apps with PC Express</h2><span class="chakra-text css-1na1tkp" data-testid="banner-body">Get noshes and nibbles delivered in as little as 2 hours.</span></div></div><div class="chakra-stack css-3p39qh"><a class="chakra-link promo-btn css-1fdlz2y" data-testid="banner-promo-button-0" href="/collection/summer-insiders-value-snacks-appetizers-drinks?icid=gr_disc_sir_hero_cta_1_hp" tabindex="-1">Shop Apps</a><a class="chakra-link promo-btn css-1fdlz2y" data-testid="banner-promo-button-1" href="/collection/summer-insiders?icid=gr_disc_sir_hero_cta_2_hp" tabindex="-1">Shop Insiders</a></div></div><div class="banner-media css-14bm7b5"><img alt="" src="https://dis-prod.assetful.loblaw.ca/content/dam/loblaw-companies-limited/creative-assets/grocery/2024/wk21/cs-12979-wks-21-28-2024-discount-summer-insiders/nf/value-snacks-appetizers/hero-filled/wk23-24_nf_web-hero-banner-filled_sir-2024_value-snacks-appetizers_b1_bil.jpg?imwidth=856" loading="lazy" class="chakra-image css-0" data-testid="banner-image" data-splide-lazy="https://dis-prod.assetful.loblaw.ca/content/dam/loblaw-companies-limited/creative-assets/grocery/2024/wk21/cs-12979-wks-21-28-2024-discount-summer-insiders/nf/value-snacks-appetizers/hero-filled/wk23-24_nf_web-hero-banner-filled_sir-2024_value-snacks-appetizers_b1_bil.jpg?imwidth=856"><span class="splide__spinner"></span></div></div></div></div><div class="splide__slide splide__slide--clone" id="splide01-clone04" role="tabpanel" aria-roledescription="slide" aria-label="slide 2" style="width: calc(100%);" aria-hidden="true"><div class="banner-container css-1kqwsnl"><div class="chakra-container banner-wrapper css-362cmi" data-testid="section"><div class="banner-content css-1v8w7ae"><div class="badges-text-content css-k008qs"><div class="logo-text-content css-k008qs"><h2 class="chakra-text css-13is3q4" data-testid="banner-title">Big Dreams. Baby Prices. </h2><span class="chakra-text css-xstlix" data-testid="banner-body">Baby care essentials for your precious little ones</span></div></div><div class="chakra-stack css-3p39qh"><a class="chakra-link promo-btn css-xgrybd" data-testid="banner-promo-button-0" href="/baby/c/27987?icid=gr_nf-baby_hero_2_hp" tabindex="-1">SHOP NOW</a></div></div><div class="banner-media css-14bm7b5"><img alt="" src="https://dis-prod.assetful.loblaw.ca/content/dam/loblaw-companies-limited/creative-assets/grocery/2024/wk3/cs-12470-wks-3-12-2024-discount-baby-shop-(evergreen)/nf/hero-filled/wk5-8_nf_hero_filled_baby_b3_bil.png?imwidth=856" loading="lazy" class="chakra-image css-0" data-testid="banner-image" data-splide-lazy="https://dis-prod.assetful.loblaw.ca/content/dam/loblaw-companies-limited/creative-assets/grocery/2024/wk3/cs-12470-wks-3-12-2024-discount-baby-shop-(evergreen)/nf/hero-filled/wk5-8_nf_hero_filled_baby_b3_bil.png?imwidth=856"><span class="splide__spinner"></span></div></div></div></div></div></div><div class="bullet-wrapper"><ul class="splide__pagination splide__pagination--ltr" role="tablist" aria-label="Select a slide to show"><li role="presentation"><button class="splide__pagination__page is-active" type="button" role="tab" aria-controls="splide01-slide01" aria-label="Go to slide 1" aria-selected="true"></button></li><li role="presentation"><button class="splide__pagination__page" type="button" role="tab" aria-controls="splide01-slide02" aria-label="Go to slide 2" tabindex="-1"></button></li><li role="presentation"><button class="splide__pagination__page" type="button" role="tab" aria-controls="splide01-slide03" aria-label="Go to slide 3" tabindex="-1"></button></li></ul></div></div></div></div><span id="__chakra_env" hidden=""></span></div><div class="page-layout page-layout--contentful-page contentful-page cms-homepage"><div class="contentful-page__content"></div></div><div class="view-resolver-component"><div class="chakra-container css-1yvva6b" data-testid="vertical-feature-cards"><div class="css-0"><a class="chakra-link css-14qfziv" href="#:rg:">skip a11ySection</a><div data-testid="scroller" class="css-10cksfv"><div class="indiana-scroll-container"><ul data-testid="feature-card-scroller" class="css-1lp5ovw"><li class="css-18f0hmm"><div data-testid="card" class="css-1u3io9a"><div data-testid="card-media" class="css-12n9na5"><div class="chakra-aspect-ratio css-o4977x"><img alt="" src="https://dis-prod.assetful.loblaw.ca/content/dam/loblaw-companies-limited/creative-assets/grocery/2024/wk21/cs-12979-wks-21-28-2024-discount-summer-insiders/nf/new-summer-v2/wk23-24_nf_verticle-tile-carousel_sir-2024_new-summer-v2-pos1_bil.jpg" loading="lazy" class="chakra-image css-o3ihhy" data-testid="feature-card-image"></div></div><div data-testid="card-content" class="css-si7j2x"><div class="css-1eia38w"><div class="css-1dk1fk9"><h3 class="chakra-text css-133hkvi" data-testid="feature-card-title">You're gonna love these</h3><p class="chakra-text css-1ez1pmk" data-testid="feature-card-content">Try our latest products in time for summer.</p></div><div class="css-gmy0so"><a class="chakra-link css-ngsgsm" data-testid="feature-card-cta" href="/collection/disc-new?icid=gr_disc_sir_verticaltile_A1_hp">Shop now</a></div></div></div></div></li><li class="css-18f0hmm"><div data-testid="card" class="css-1u3io9a"><div data-testid="card-media" class="css-12n9na5"><div class="chakra-aspect-ratio css-o4977x"><img alt="" src="https://dis-prod.assetful.loblaw.ca/content/dam/loblaw-companies-limited/creative-assets/grocery/2024/wk21/cs-12979-wks-21-28-2024-discount-summer-insiders/nf/spontaneous-adventure/wk23-24_nf_verticle-tile-carousel_sir-2024_spon-adventure-pos1_bil.jpg" loading="lazy" class="chakra-image css-o3ihhy" data-testid="feature-card-image"></div></div><div data-testid="card-content" class="css-si7j2x"><div class="css-1eia38w"><div class="css-1dk1fk9"><h3 class="chakra-text css-133hkvi" data-testid="feature-card-title">Pizzas with personality</h3><p class="chakra-text css-1ez1pmk" data-testid="feature-card-content">Get inspired by tastes from around the world at prices that please.</p></div><div class="css-gmy0so"><a class="chakra-link css-ngsgsm" data-testid="feature-card-cta" href="/food/frozen/c/28005?icid=gr_disc_sir_verticaltile_A2_hp">Shop now</a></div></div></div></div></li><li class="css-18f0hmm"><div data-testid="card" class="css-1u3io9a"><div data-testid="card-media" class="css-12n9na5"><div class="chakra-aspect-ratio css-o4977x"><img alt="" src="https://dis-prod.assetful.loblaw.ca/content/dam/loblaw-companies-limited/creative-assets/grocery/2024/_sir-2024/banner-ca-hp-vertical-tile/SIR-2024_all-banners_vertical-tile_bil.png" loading="lazy" class="chakra-image css-o3ihhy" data-testid="feature-card-image"></div></div><div data-testid="card-content" class="css-ixzsqc"><div class="css-1eia38w"><div class="css-1dk1fk9"><h3 class="chakra-text css-133hkvi" data-testid="feature-card-title">30,000 points + 3 months  </h3><p class="chakra-text css-1ez1pmk" data-testid="feature-card-content">$0 delivery and pickup with your first PC Express order of $100+. Use CA2024* </p></div><div class="css-gmy0so"><a class="chakra-link css-ngsgsm" data-testid="feature-card-cta" href="/collection/summer-insiders">Shop now</a></div></div></div></div></li><li class="css-18f0hmm"><div data-testid="card" class="css-1u3io9a"><div data-testid="card-media" class="css-12n9na5"><div class="chakra-aspect-ratio css-o4977x"><img alt="" src="https://dis-prod.assetful.loblaw.ca/content/dam/loblaw-companies-limited/creative-assets/grocery/2024/gam/wk1/confetti/vertical-tile.png" loading="lazy" class="chakra-image css-o3ihhy" data-testid="feature-card-image"></div></div><div data-testid="card-content" class="css-si7j2x"><div class="css-1eia38w"><div class="css-1dk1fk9"><h3 class="chakra-text css-133hkvi" data-testid="feature-card-title">Spend $15, get 5K PC pts</h3><p class="chakra-text css-1ez1pmk" data-testid="feature-card-content">Earn on dad's faves like hot dogs, sausages, and BBQ staples with code BBQ5K</p></div><div class="css-gmy0so"><a class="chakra-link css-ngsgsm" data-testid="feature-card-cta" href="/collection/online-offers?icid=gr_online-offers_verticaltile_4_hp">Shop now</a></div></div></div></div></li><li class="css-18f0hmm"><div data-testid="card" class="css-1u3io9a"><div data-testid="card-media" class="css-12n9na5"><div class="chakra-aspect-ratio css-o4977x"><img alt="" src="https://dis-prod.assetful.loblaw.ca/content/dam/loblaw-companies-limited/creative-assets/grocery/2024/wk17/cs-12908-wk-17-36-2024-discount-summer-bbq/nf/vertical-tile/wk17-36_NF_P5_SummerBBQ_verticaltilecarousel_Sides_bil.jpg" loading="lazy" class="chakra-image css-o3ihhy" data-testid="feature-card-image"></div></div><div data-testid="card-content" class="css-si7j2x"><div class="css-1eia38w"><div class="css-1dk1fk9"><h3 class="chakra-text css-133hkvi" data-testid="feature-card-title">Smoking  hot sides</h3><p class="chakra-text css-1ez1pmk" data-testid="feature-card-content">Sizzling deals on must-have BBQ sides.</p></div><div class="css-gmy0so"><a class="chakra-link css-ngsgsm" data-testid="feature-card-cta" href="/collection/summer-bbq-must-haves?icid=gr_nf-summer-bbq_verticaltile_2_hp">Shop now</a></div></div></div></div></li><li class="css-18f0hmm"><div data-testid="card" class="css-1u3io9a"><div data-testid="card-media" class="css-12n9na5"><div class="chakra-aspect-ratio css-o4977x"><img alt="" src="https://dis-prod.assetful.loblaw.ca/content/dam/loblaw-companies-limited/creative-assets/grocery/2024/wk22/cs12740_discount_june-hotm/vertical-tile/june1-30_nf_tile-carousel_HOTM_en.png" loading="lazy" class="chakra-image css-o3ihhy" data-testid="feature-card-image"></div></div><div data-testid="card-content" class="css-si7j2x"><div class="css-1eia38w"><div class="css-1dk1fk9"><h3 class="chakra-text css-133hkvi" data-testid="feature-card-title">Hit Of The Month</h3><p class="chakra-text css-1ez1pmk" data-testid="feature-card-content">Find out what this month's extra special deal is.</p></div><div class="css-gmy0so"><a class="chakra-link css-ngsgsm" data-testid="feature-card-cta" href="/collection/value?icid=gr_hit-of-the-month_verticaltile_6_hp">Shop now</a></div></div></div></div></li></ul></div></div><div id=":rg:" class="css-0"> </div></div></div><div class="chakra-container css-1yvva6b" data-testid="section"><div class="css-147ar3n"><div class="css-2imjyh"></div><div class="css-owofrc"><div class="css-1pzcvyn"><div class="css-1pzcvyn"><h2 class="chakra-heading css-1thmpx" data-testid="heading">Won't be Beat</h2></div></div><a class="chakra-link css-jmtsim" data-testid="header-link" href="/wont-be-beat?icid=gr_wont-be-beat-headline_cta_1_hp" aria-label="Shop deals Won't be Beat">Shop deals</a></div></div><a class="chakra-link css-14qfziv" href="#:rn:">Skip Won't be Beat</a><div data-testid="scroller" class="css-10cksfv"><div class="indiana-scroll-container"><div class="css-sot53v"><div data-testid="card" class="css-1uwjmhu"><a class="chakra-link css-13jvj27" href="/food/fruits-vegetables/c/28000?icid=gr_nf-wont-be-beat-fresh_menu-tile_1_hp" data-testid="menu-tile-link"><div data-testid="card-media" class="css-409b2o"><img alt="" src="https://dis-prod.assetful.loblaw.ca/content/dam/loblaw-companies-limited/creative-assets/grocery/2024/wk21/cs-13123_saveforreal-wontbebeat/nf/NF_menu_tile_fresh_280x140.png" loading="lazy" class="chakra-image css-0" data-testid="menu-tile-image"></div><div data-testid="card-content" class="css-7nxyxv"><p class="chakra-text css-1t0ix7u" data-testid="menu-tile-label"> Fresh Guarantee**</p></div></a></div><div data-testid="card" class="css-1uwjmhu"><a class="chakra-link css-13jvj27" href="/print-flyer?icid=gr_nf-wont-be-beat-throwback_tile_2_hp" data-testid="menu-tile-link"><div data-testid="card-media" class="css-409b2o"><img alt="" src="https://dis-prod.assetful.loblaw.ca/content/dam/loblaw-companies-limited/creative-assets/grocery/2024/wk21/cs-13123_saveforreal-wontbebeat/nf/NF_menu_tile_throwback_280x140.png" loading="lazy" class="chakra-image css-0" data-testid="menu-tile-image"></div><div data-testid="card-content" class="css-7nxyxv"><p class="chakra-text css-1t0ix7u" data-testid="menu-tile-label">Throwback Prices‡</p></div></a></div><div data-testid="card" class="css-1uwjmhu"><a class="chakra-link css-13jvj27" href="/wont-be-beat?icid=gr_nf-wont-be-beat-raincheck_tile_3_hp" data-testid="menu-tile-link"><div data-testid="card-media" class="css-409b2o"><img alt="" src="https://dis-prod.assetful.loblaw.ca/content/dam/loblaw-companies-limited/creative-assets/grocery/2024/wk21/cs-13123_saveforreal-wontbebeat/nf/NF_menu_tile_raincheck_280x140.png" loading="lazy" class="chakra-image css-0" data-testid="menu-tile-image"></div><div data-testid="card-content" class="css-7nxyxv"><p class="chakra-text css-1t0ix7u" data-testid="menu-tile-label">Rain Check + Points†</p></div></a></div><div data-testid="card" class="css-1uwjmhu"><a class="chakra-link css-13jvj27" href="/collection/disc-always-theme1?icid=gr_nf-wbb_cta_5_hp" data-testid="menu-tile-link"><div data-testid="card-media" class="css-409b2o"><img alt="" src="https://dis-prod.assetful.loblaw.ca/content/dam/loblaw-companies-limited/creative-assets/grocery/2024/wk21/cs-13123_saveforreal-wontbebeat/nf/NF_menu_tile_always_CAPS_280x140.png" loading="lazy" class="chakra-image css-0" data-testid="menu-tile-image"></div><div data-testid="card-content" class="css-7nxyxv"><p class="chakra-text css-1t0ix7u" data-testid="menu-tile-label">ALWAYS PRICES</p></div></a></div><div data-testid="card" class="css-1uwjmhu"><a class="chakra-link css-13jvj27" href="/search?search-bar=no%20name&amp;sort=relevance&amp;productBrand=No%20Name&amp;icid=gr_nf-wbb_cta_6_hp" data-testid="menu-tile-link"><div data-testid="card-media" class="css-409b2o"><img alt="" src="https://dis-prod.assetful.loblaw.ca/content/dam/loblaw-companies-limited/creative-assets/grocery/2024/wk21/cs-13123_saveforreal-wontbebeat/nf/NF_menu_tile_noname_280x140.png" loading="lazy" class="chakra-image css-0" data-testid="menu-tile-image"></div><div data-testid="card-content" class="css-7nxyxv"><p class="chakra-text css-1t0ix7u" data-testid="menu-tile-label">no name®</p></div></a></div><div data-testid="card" class="css-1uwjmhu"><a class="chakra-link css-13jvj27" href="/deals/all?sort=relevance&amp;category=27985&amp;promotions=PC%20Points&amp;sellers?icid=gr_nf-wbb_cta_7_hp" data-testid="menu-tile-link"><div data-testid="card-media" class="css-409b2o"><img alt="" src="https://dis-prod.assetful.loblaw.ca/content/dam/loblaw-companies-limited/creative-assets/grocery/2024/wk21/cs-13123_saveforreal-wontbebeat/nf/NF_menu_tile_pco_280x140.png" loading="lazy" class="chakra-image css-0" data-testid="menu-tile-image"></div><div data-testid="card-content" class="css-7nxyxv"><p class="chakra-text css-1t0ix7u" data-testid="menu-tile-label">PC Optimum™</p></div></a></div><div data-testid="card" class="css-1uwjmhu"><a class="chakra-link css-13jvj27" href="/price-match?icid=gr_nf-wbb_cta_8_hp" data-testid="menu-tile-link"><div data-testid="card-media" class="css-409b2o"><img alt="" src="https://dis-prod.assetful.loblaw.ca/content/dam/loblaw-companies-limited/creative-assets/grocery/2024/wk21/cs-13123_saveforreal-wontbebeat/nf/NF_menu_tile_pricematch_280x140.png" loading="lazy" class="chakra-image css-0" data-testid="menu-tile-image"></div><div data-testid="card-content" class="css-7nxyxv"><p class="chakra-text css-1t0ix7u" data-testid="menu-tile-label">Price Match</p></div></a></div></div></div></div><div id=":rn:" class="css-0"> </div></div><div class="chakra-container css-1yvva6b" data-testid="section"><div class="css-147ar3n"><div class="css-2imjyh"></div><div class="css-owofrc"><div class="css-1pzcvyn"><div class="css-1pzcvyn"><h2 class="chakra-heading css-1thmpx" data-testid="heading">Our Value Picks</h2></div></div><a class="chakra-link css-jmtsim" data-testid="header-link" href="/collection/value?icid=gr_value-carousel_productcarousel_1_hp" aria-label="Shop now Our Value Picks">Shop now</a></div></div><a class="chakra-link css-14qfziv" href="#:ro:">skip Our Value Picks</a><div class="css-10cksfv"><div class="indiana-scroll-container"><ul role="list" class="css-7i2yy7"><li tabindex="-1" class="css-0"><div class="css-f5i5wc"><div class="chakra-linkbox css-vhnn8v"><div data-testid="product-image" class="css-16dr4ly"><img alt="No Name 100% Pure Canola Oil 3 l, $0.28/100ml" src="https://assets.shop.loblaws.ca/products/20028656/b1/en/front/20028656_front_a01_@2.png" srcset="https://assets.shop.loblaws.ca/products/20028656/b1/en/front/20028656_front_a01_@2.png 1x, https://assets.shop.loblaws.ca/products/20028656/b1/en/front/20028656_front_a01_@2.png 2x" loading="lazy" class="chakra-image css-oguq8l" aria-hidden="true"></div><div class="css-qoklea"><div class="css-12dchmx"><div class="chakra-badge css-1esrteb" data-testid="product-badge"><div class="css-u4p24i">Hit of the Month</div></div></div><div data-testid="price-product-tile" class="css-edgrx3"><p class="chakra-text css-0"></p><p class="chakra-text css-o93gbd" data-testid="mop-regular-price"><span class="css-idkz9h">$7.00 Member Price</span>$7.00 Member Price</p><p class="chakra-text css-0"><span class="chakra-text css-1wji473" data-testid="non-members-price"><span class="css-idkz9h">$8.49 Non-Members</span>$8.49 Non-Members</span><span class="chakra-text css-esi4gg" data-testid="was-price"><span class="css-idkz9h">$9.99</span>$9.99</span></p><p class="chakra-text css-8jjhvs" data-testid="price-descriptor">SAVE $1.50</p></div><a href="/100-pure-canola-oil/p/20028656_EA?source=nspt" class="chakra-linkbox__overlay css-1hnz6hu"><div class="css-0"><p class="chakra-text css-1ecdp9w" data-testid="product-brand">No Name</p><h3 class="chakra-heading css-6qrhwc" id="20028656_EA" data-testid="product-title">100% Pure Canola Oil</h3><p class="chakra-text css-1yftjin" data-testid="product-package-size">3 l, $0.28/100ml</p></div></a><div class="css-8keand"></div></div><div class="css-1q5omjq"><div class="css-fcebb8"><div data-testid="atc-compact" class="css-y94ivq" style="width: 45px;"><button type="button" class="chakra-button css-mudsm6" data-testid="atc-button"><svg stroke="currentColor" fill="currentColor" stroke-width="0" viewBox="0 0 24 24" focusable="false" class="chakra-icon css-1g3sp7a" data-testid="btn-icon" aria-hidden="true" height="1em" width="1em" xmlns="http://www.w3.org/2000/svg"><path d="M19 13h-6v6h-2v-6H5v-2h6V5h2v6h6v2z"></path></svg><span class="css-idkz9h">Add 100% Pure Canola Oil to cart</span></button></div></div></div></div></div></li><li tabindex="-1" class="css-0"><div class="css-f5i5wc"><div class="chakra-linkbox css-vhnn8v"><div data-testid="product-image" class="css-16dr4ly"><img alt="Titan Aluminum Foil Heavy Duty 25ft (2.32 M²) 1 ea, $2.00/1ea" src="https://assets.shop.loblaws.ca/products/21408432/b1/en/front/21408432_front_a01_@2.png" srcset="https://assets.shop.loblaws.ca/products/21408432/b1/en/front/21408432_front_a01_@2.png 1x, https://assets.shop.loblaws.ca/products/21408432/b1/en/front/21408432_front_a01_@2.png 2x" loading="lazy" class="chakra-image css-oguq8l" aria-hidden="true"></div><div class="css-qoklea"><div class="css-12dchmx"><div class="chakra-badge css-1esrteb" data-testid="product-badge"><div class="css-u4p24i">Hit of the Month</div></div></div><div data-testid="price-product-tile" class="css-8atqhb"><p class="chakra-text css-0"><span class="chakra-text css-o93gbd" data-testid="sale-price"><span class="css-idkz9h">$0.95</span>$0.95</span><span class="chakra-text css-623q5h" data-testid="was-price"><span class="css-idkz9h"></span></span></p><p class="chakra-text css-1m5a6y8" data-testid="price-descriptor">Limit 6, after limit $2.00</p></div><a href="/aluminum-foil-heavy-duty-25ft-2-32-m/p/21408432_EA?source=nspt" class="chakra-linkbox__overlay css-1hnz6hu"><div class="css-0"><p class="chakra-text css-1ecdp9w" data-testid="product-brand">Titan</p><h3 class="chakra-heading css-6qrhwc" id="21408432_EA" data-testid="product-title">Aluminum Foil Heavy Duty 25ft (2.32 M²)</h3><p class="chakra-text css-1yftjin" data-testid="product-package-size">1 ea, $2.00/1ea</p></div></a><div class="css-8keand"></div></div><div class="css-1q5omjq"><div class="css-fcebb8"><div data-testid="atc-compact" class="css-y94ivq" style="width: 45px;"><button type="button" class="chakra-button css-mudsm6" data-testid="atc-button"><svg stroke="currentColor" fill="currentColor" stroke-width="0" viewBox="0 0 24 24" focusable="false" class="chakra-icon css-1g3sp7a" data-testid="btn-icon" aria-hidden="true" height="1em" width="1em" xmlns="http://www.w3.org/2000/svg"><path d="M19 13h-6v6h-2v-6H5v-2h6V5h2v6h6v2z"></path></svg><span class="css-idkz9h">Add Aluminum Foil Heavy Duty 25ft (2.32 M²) to cart</span></button></div></div></div></div></div></li><li tabindex="-1" class="css-0"><div class="css-f5i5wc"><div class="chakra-linkbox css-vhnn8v"><div data-testid="product-image" class="css-16dr4ly"><img alt="General Mills Cheerios Cereal Honey Nut 292 g, $0.86/100g" src="https://assets.shop.loblaws.ca/products/21104046/b1/en/front/21104046_front_a01_@2.png" srcset="https://assets.shop.loblaws.ca/products/21104046/b1/en/front/21104046_front_a01_@2.png 1x, https://assets.shop.loblaws.ca/products/21104046/b1/en/front/21104046_front_a01_@2.png 2x" loading="lazy" class="chakra-image css-oguq8l" aria-hidden="true"></div><div class="css-qoklea"><div class="css-12dchmx"><div class="chakra-badge css-1esrteb" data-testid="product-badge"><div class="css-u4p24i">Hit of the Month</div></div></div><div data-testid="price-product-tile" class="css-8atqhb"><p class="chakra-text css-0"><span class="chakra-text css-o93gbd" data-testid="sale-price"><span class="css-idkz9h">$2.00</span>$2.00</span><span class="chakra-text css-623q5h" data-testid="was-price"><span class="css-idkz9h"></span></span></p><p class="chakra-text css-1m5a6y8" data-testid="price-descriptor">Limit 4, after limit $2.50</p></div><a href="/cheerios-cereal-honey-nut/p/21104046_EA?source=nspt" class="chakra-linkbox__overlay css-1hnz6hu"><div class="css-0"><p class="chakra-text css-1ecdp9w" data-testid="product-brand">General Mills</p><h3 class="chakra-heading css-6qrhwc" id="21104046_EA" data-testid="product-title">Cheerios Cereal Honey Nut</h3><p class="chakra-text css-1yftjin" data-testid="product-package-size">292 g, $0.86/100g</p></div></a><div class="css-8keand"></div></div><div class="css-1q5omjq"><div class="css-fcebb8"><div data-testid="atc-compact" class="css-y94ivq" style="width: 45px;"><button type="button" class="chakra-button css-mudsm6" data-testid="atc-button"><svg stroke="currentColor" fill="currentColor" stroke-width="0" viewBox="0 0 24 24" focusable="false" class="chakra-icon css-1g3sp7a" data-testid="btn-icon" aria-hidden="true" height="1em" width="1em" xmlns="http://www.w3.org/2000/svg"><path d="M19 13h-6v6h-2v-6H5v-2h6V5h2v6h6v2z"></path></svg><span class="css-idkz9h">Add Cheerios Cereal Honey Nut to cart</span></button></div></div></div></div></div></li><li tabindex="-1" class="css-0"><div class="css-f5i5wc"><div class="chakra-linkbox css-vhnn8v"><div data-testid="product-image" class="css-16dr4ly"><img alt="Pediasure Complete, Chocolate 4x235.0 ml, $1.04/100ml" src="https://assets.shop.loblaws.ca/products/20322414002/b1/en/front/20322414002_front_a01_@2.png" srcset="https://assets.shop.loblaws.ca/products/20322414002/b1/en/front/20322414002_front_a01_@2.png 1x, https://assets.shop.loblaws.ca/products/20322414002/b1/en/front/20322414002_front_a01_@2.png 2x" loading="lazy" class="chakra-image css-oguq8l" aria-hidden="true"></div><div class="css-qoklea"><div class="css-12dchmx"></div><div data-testid="price-product-tile" class="css-8atqhb"><p class="chakra-text css-0"><span class="chakra-text css-pwnbcb" data-testid="regular-price"><span class="css-idkz9h">$9.79</span>$9.79</span></p></div><a href="/complete-chocolate/p/20322414002_EA?source=nspt" class="chakra-linkbox__overlay css-1hnz6hu"><div class="css-0"><p class="chakra-text css-1ecdp9w" data-testid="product-brand">Pediasure</p><h3 class="chakra-heading css-6qrhwc" id="20322414002_EA" data-testid="product-title">Complete, Chocolate</h3><p class="chakra-text css-1yftjin" data-testid="product-package-size">4x235.0 ml, $1.04/100ml</p></div></a><div class="css-8keand"></div></div><div class="css-1q5omjq"><div class="css-fcebb8"><div data-testid="atc-compact" class="css-y94ivq" style="width: 45px;"><button type="button" class="chakra-button css-mudsm6" data-testid="atc-button"><svg stroke="currentColor" fill="currentColor" stroke-width="0" viewBox="0 0 24 24" focusable="false" class="chakra-icon css-1g3sp7a" data-testid="btn-icon" aria-hidden="true" height="1em" width="1em" xmlns="http://www.w3.org/2000/svg"><path d="M19 13h-6v6h-2v-6H5v-2h6V5h2v6h6v2z"></path></svg><span class="css-idkz9h">Add Complete, Chocolate to cart</span></button></div></div></div></div></div></li><li tabindex="-1" class="css-0"><div class="css-f5i5wc"><div class="chakra-linkbox css-vhnn8v"><div data-testid="product-image" class="css-16dr4ly"><img alt="null Tomato On The Vine Red (1 Bunch) $8.80/1kg $3.99/1lb" src="https://assets.shop.loblaws.ca/products/20026703001/b1/en/front/20026703001_front_a01_@2.png" srcset="https://assets.shop.loblaws.ca/products/20026703001/b1/en/front/20026703001_front_a01_@2.png 1x, https://assets.shop.loblaws.ca/products/20026703001/b1/en/front/20026703001_front_a01_@2.png 2x" loading="lazy" class="chakra-image css-oguq8l" aria-hidden="true"></div><div class="css-qoklea"><div class="css-12dchmx"></div><div data-testid="price-product-tile" class="css-8atqhb"><p class="chakra-text css-0"><span class="chakra-text css-pwnbcb" data-testid="regular-price"><span class="css-idkz9h">about $6.25</span>about $6.25</span></p></div><a href="/tomato-on-the-vine-red-1-bunch/p/20026703001_KG?source=nspt" class="chakra-linkbox__overlay css-1hnz6hu"><div class="css-0"><h3 class="chakra-heading css-6qrhwc" id="20026703001_KG" data-testid="product-title">Tomato On The Vine Red (1 Bunch)</h3><p class="chakra-text css-1yftjin" data-testid="product-package-size">$8.80/1kg $3.99/1lb</p></div></a><div class="css-8keand"></div></div><div class="css-1q5omjq"><div class="css-fcebb8"><div data-testid="atc-compact" class="css-y94ivq" style="width: 45px;"><button type="button" class="chakra-button css-mudsm6" data-testid="atc-button"><svg stroke="currentColor" fill="currentColor" stroke-width="0" viewBox="0 0 24 24" focusable="false" class="chakra-icon css-1g3sp7a" data-testid="btn-icon" aria-hidden="true" height="1em" width="1em" xmlns="http://www.w3.org/2000/svg"><path d="M19 13h-6v6h-2v-6H5v-2h6V5h2v6h6v2z"></path></svg><span class="css-idkz9h">Add Tomato On The Vine Red (1 Bunch) to cart</span></button></div></div></div></div></div></li><li tabindex="-1" class="css-0"><div class="css-f5i5wc"><div class="chakra-linkbox css-vhnn8v"><div data-testid="product-image" class="css-16dr4ly"><img alt="Eat Smart Sweet Kale Salad Kit 340 g, $1.17/100g" src="https://assets.shop.loblaws.ca/products/20674118/b1/en/front/20674118_front_a01_@2.png" srcset="https://assets.shop.loblaws.ca/products/20674118/b1/en/front/20674118_front_a01_@2.png 1x, https://assets.shop.loblaws.ca/products/20674118/b1/en/front/20674118_front_a01_@2.png 2x" loading="lazy" class="chakra-image css-oguq8l" aria-hidden="true"></div><div class="css-qoklea"><div class="css-12dchmx"></div><div data-testid="price-product-tile" class="css-8atqhb"><p class="chakra-text css-0"><span class="chakra-text css-o93gbd" data-testid="sale-price"><span class="css-idkz9h">$3.99</span>$3.99</span><span class="chakra-text css-623q5h" data-testid="was-price"><span class="css-idkz9h">$5.49</span>$5.49</span></p><p class="chakra-text css-1m5a6y8" data-testid="price-descriptor">SAVE $1.50</p></div><a href="/sweet-kale-salad-kit/p/20674118_EA?source=nspt" class="chakra-linkbox__overlay css-1hnz6hu"><div class="css-0"><p class="chakra-text css-1ecdp9w" data-testid="product-brand">Eat Smart</p><h3 class="chakra-heading css-6qrhwc" id="20674118_EA" data-testid="product-title">Sweet Kale Salad Kit</h3><p class="chakra-text css-1yftjin" data-testid="product-package-size">340 g, $1.17/100g</p></div></a><div class="css-8keand"></div></div><div class="css-1q5omjq"><div class="css-fcebb8"><div data-testid="atc-compact" class="css-y94ivq" style="width: 45px;"><button type="button" class="chakra-button css-mudsm6" data-testid="atc-button"><svg stroke="currentColor" fill="currentColor" stroke-width="0" viewBox="0 0 24 24" focusable="false" class="chakra-icon css-1g3sp7a" data-testid="btn-icon" aria-hidden="true" height="1em" width="1em" xmlns="http://www.w3.org/2000/svg"><path d="M19 13h-6v6h-2v-6H5v-2h6V5h2v6h6v2z"></path></svg><span class="css-idkz9h">Add Sweet Kale Salad Kit to cart</span></button></div></div></div></div></div></li><li tabindex="-1" class="css-0"><div class="css-f5i5wc"><div class="chakra-linkbox css-vhnn8v"><div data-testid="product-image" class="css-16dr4ly"><img alt="PC Blue Menu Wild Sockeye Salmon Burger 568 g, $2.46/100g" src="https://assets.shop.loblaws.ca/products/20650417/b1/en/front/20650417_front_a01_@2.png" srcset="https://assets.shop.loblaws.ca/products/20650417/b1/en/front/20650417_front_a01_@2.png 1x, https://assets.shop.loblaws.ca/products/20650417/b1/en/front/20650417_front_a01_@2.png 2x" loading="lazy" class="chakra-image css-oguq8l" aria-hidden="true"></div><div class="css-qoklea"><div class="css-12dchmx"></div><div data-testid="price-product-tile" class="css-8atqhb"><p class="chakra-text css-0"><span class="chakra-text css-o93gbd" data-testid="sale-price"><span class="css-idkz9h">$13.99</span>$13.99</span><span class="chakra-text css-623q5h" data-testid="was-price"><span class="css-idkz9h">$16.99</span>$16.99</span></p><p class="chakra-text css-1m5a6y8" data-testid="price-descriptor">SAVE $3.00</p></div><a href="/wild-sockeye-salmon-burger/p/20650417_EA?source=nspt" class="chakra-linkbox__overlay css-1hnz6hu"><div class="css-0"><p class="chakra-text css-1ecdp9w" data-testid="product-brand">PC Blue Menu</p><h3 class="chakra-heading css-6qrhwc" id="20650417_EA" data-testid="product-title">Wild Sockeye Salmon Burger</h3><p class="chakra-text css-1yftjin" data-testid="product-package-size">568 g, $2.46/100g</p></div></a><div class="css-8keand"></div></div><div class="css-1q5omjq"><div class="css-fcebb8"><div data-testid="atc-compact" class="css-y94ivq" style="width: 45px;"><button disabled="" type="button" class="chakra-button css-mudsm6" data-testid="atc-button"><svg stroke="currentColor" fill="currentColor" stroke-width="0" viewBox="0 0 24 24" focusable="false" class="chakra-icon css-1g3sp7a" data-testid="btn-icon" aria-hidden="true" height="1em" width="1em" xmlns="http://www.w3.org/2000/svg"><path d="M19 13h-6v6h-2v-6H5v-2h6V5h2v6h6v2z"></path></svg><span class="css-idkz9h">Add Wild Sockeye Salmon Burger to cart</span></button></div></div><div class="css-4saf4a"><p class="chakra-text css-py8788" data-testid="inventory-badge-text">Out of Stock</p></div></div></div></div></li><li tabindex="-1" class="css-0"><div class="css-f5i5wc"><div class="chakra-linkbox css-vhnn8v"><div data-testid="product-image" class="css-16dr4ly"><img alt="Simply Orange Juice Pulp Free 2.63 l, $0.25/100ml" src="https://assets.shop.loblaws.ca/products/21592119/b1/en/front/21592119_front_a01_@2.png" srcset="https://assets.shop.loblaws.ca/products/21592119/b1/en/front/21592119_front_a01_@2.png 1x, https://assets.shop.loblaws.ca/products/21592119/b1/en/front/21592119_front_a01_@2.png 2x" loading="lazy" class="chakra-image css-oguq8l" aria-hidden="true"></div><div class="css-qoklea"><div class="css-12dchmx"><div class="chakra-badge css-34x0wr" data-testid="product-badge"><div class="css-u4p24i">New</div></div></div><div data-testid="price-product-tile" class="css-8atqhb"><p class="chakra-text css-0"><span class="chakra-text css-o93gbd" data-testid="sale-price"><span class="css-idkz9h">$6.49</span>$6.49</span><span class="chakra-text css-623q5h" data-testid="was-price"><span class="css-idkz9h">$7.49</span>$7.49</span></p><p class="chakra-text css-1m5a6y8" data-testid="price-descriptor">SAVE $1.00</p></div><a href="/orange-juice-pulp-free/p/21592119_EA?source=nspt" class="chakra-linkbox__overlay css-1hnz6hu"><div class="css-0"><p class="chakra-text css-1ecdp9w" data-testid="product-brand">Simply</p><h3 class="chakra-heading css-6qrhwc" id="21592119_EA" data-testid="product-title">Orange Juice Pulp Free</h3><p class="chakra-text css-1yftjin" data-testid="product-package-size">2.63 l, $0.25/100ml</p></div></a><div class="css-8keand"></div></div><div class="css-1q5omjq"><div class="css-fcebb8"><div data-testid="atc-compact" class="css-y94ivq" style="width: 45px;"><button type="button" class="chakra-button css-mudsm6" data-testid="atc-button"><svg stroke="currentColor" fill="currentColor" stroke-width="0" viewBox="0 0 24 24" focusable="false" class="chakra-icon css-1g3sp7a" data-testid="btn-icon" aria-hidden="true" height="1em" width="1em" xmlns="http://www.w3.org/2000/svg"><path d="M19 13h-6v6h-2v-6H5v-2h6V5h2v6h6v2z"></path></svg><span class="css-idkz9h">Add Orange Juice Pulp Free to cart</span></button></div></div></div></div></div></li><li tabindex="-1" class="css-0"><div class="css-f5i5wc"><div class="chakra-linkbox css-vhnn8v"><div data-testid="product-image" class="css-16dr4ly"><img alt="IOGO Nano Drinkable Yogurt, Strawberry 1% 6x93.0 ml, $0.98/100ml" src="https://assets.shop.loblaws.ca/products/20609687001/b1/en/front/20609687001_front_a01_@2.png" srcset="https://assets.shop.loblaws.ca/products/20609687001/b1/en/front/20609687001_front_a01_@2.png 1x, https://assets.shop.loblaws.ca/products/20609687001/b1/en/front/20609687001_front_a01_@2.png 2x" loading="lazy" class="chakra-image css-oguq8l" aria-hidden="true"></div><div class="css-qoklea"><div class="css-12dchmx"></div><div data-testid="price-product-tile" class="css-8atqhb"><p class="chakra-text css-0"><span class="chakra-text css-pwnbcb" data-testid="regular-price"><span class="css-idkz9h">$5.49</span>$5.49</span></p></div><a href="/nano-drinkable-yogurt-strawberry-1/p/20609687001_EA?source=nspt" class="chakra-linkbox__overlay css-1hnz6hu"><div class="css-0"><p class="chakra-text css-1ecdp9w" data-testid="product-brand">IOGO</p><h3 class="chakra-heading css-6qrhwc" id="20609687001_EA" data-testid="product-title">Nano Drinkable Yogurt, Strawberry 1%</h3><p class="chakra-text css-1yftjin" data-testid="product-package-size">6x93.0 ml, $0.98/100ml</p></div></a><div class="css-8keand"></div></div><div class="css-1q5omjq"><div class="css-fcebb8"><div data-testid="atc-compact" class="css-y94ivq" style="width: 45px;"><button type="button" class="chakra-button css-mudsm6" data-testid="atc-button"><svg stroke="currentColor" fill="currentColor" stroke-width="0" viewBox="0 0 24 24" focusable="false" class="chakra-icon css-1g3sp7a" data-testid="btn-icon" aria-hidden="true" height="1em" width="1em" xmlns="http://www.w3.org/2000/svg"><path d="M19 13h-6v6h-2v-6H5v-2h6V5h2v6h6v2z"></path></svg><span class="css-idkz9h">Add Nano Drinkable Yogurt, Strawberry 1% to cart</span></button></div></div></div></div></div></li><li tabindex="-1" class="css-0"><div class="css-f5i5wc"><div class="chakra-linkbox css-vhnn8v"><div data-testid="product-image" class="css-16dr4ly"><img alt="Mars Peanut Free Chocolate Candy Bar, 4 Full Size Bars 208 g, $2.16/100g" src="https://assets.shop.loblaws.ca/products/20313925/b1/en/front/20313925_front_a01_@2.png" srcset="https://assets.shop.loblaws.ca/products/20313925/b1/en/front/20313925_front_a01_@2.png 1x, https://assets.shop.loblaws.ca/products/20313925/b1/en/front/20313925_front_a01_@2.png 2x" loading="lazy" class="chakra-image css-oguq8l" aria-hidden="true"></div><div class="css-qoklea"><div class="css-12dchmx"></div><div data-testid="price-product-tile" class="css-8atqhb"><p class="chakra-text css-0"><span class="chakra-text css-o93gbd" data-testid="sale-price"><span class="css-idkz9h">$4.49</span>$4.49</span><span class="chakra-text css-623q5h" data-testid="was-price"><span class="css-idkz9h">$5.29</span>$5.29</span></p><p class="chakra-text css-1m5a6y8" data-testid="price-descriptor">SAVE $0.80</p></div><a href="/peanut-free-chocolate-candy-bar-4-full-size-bars/p/20313925_EA?source=nspt" class="chakra-linkbox__overlay css-1hnz6hu"><div class="css-0"><p class="chakra-text css-1ecdp9w" data-testid="product-brand">Mars</p><h3 class="chakra-heading css-6qrhwc" id="20313925_EA" data-testid="product-title">Peanut Free Chocolate Candy Bar, 4 Full Size Bars</h3><p class="chakra-text css-1yftjin" data-testid="product-package-size">208 g, $2.16/100g</p></div></a><div class="css-8keand"></div></div><div class="css-1q5omjq"><div class="css-fcebb8"><div data-testid="atc-compact" class="css-y94ivq" style="width: 45px;"><button type="button" class="chakra-button css-mudsm6" data-testid="atc-button"><svg stroke="currentColor" fill="currentColor" stroke-width="0" viewBox="0 0 24 24" focusable="false" class="chakra-icon css-1g3sp7a" data-testid="btn-icon" aria-hidden="true" height="1em" width="1em" xmlns="http://www.w3.org/2000/svg"><path d="M19 13h-6v6h-2v-6H5v-2h6V5h2v6h6v2z"></path></svg><span class="css-idkz9h">Add Peanut Free Chocolate Candy Bar, 4 Full Size Bars to cart</span></button></div></div></div></div></div></li><li tabindex="-1" class="css-0"><div class="css-f5i5wc"><div class="chakra-linkbox css-vhnn8v"><div data-testid="product-image" class="css-16dr4ly"><img alt="Dr Oetker Ristorante Thin Crust Spinaci (Spinach) Pizza 390 g, $0.89/100g" src="https://assets.shop.loblaws.ca/products/20296100001/b1/en/front/20296100001_front_a01_@2.png" srcset="https://assets.shop.loblaws.ca/products/20296100001/b1/en/front/20296100001_front_a01_@2.png 1x, https://assets.shop.loblaws.ca/products/20296100001/b1/en/front/20296100001_front_a01_@2.png 2x" loading="lazy" class="chakra-image css-oguq8l" aria-hidden="true"></div><div class="css-qoklea"><div class="css-12dchmx"></div><div data-testid="price-product-tile" class="css-8atqhb"><p class="chakra-text css-0"><span class="chakra-text css-o93gbd" data-testid="sale-price"><span class="css-idkz9h">$3.47</span>$3.47</span><span class="chakra-text css-623q5h" data-testid="was-price"><span class="css-idkz9h">$5.29</span>$5.29</span></p><p class="chakra-text css-1m5a6y8" data-testid="price-descriptor">SAVE $1.82</p></div><a href="/ristorante-thin-crust-spinaci-spinach-pizza/p/20296100001_EA?source=nspt" class="chakra-linkbox__overlay css-1hnz6hu"><div class="css-0"><p class="chakra-text css-1ecdp9w" data-testid="product-brand">Dr Oetker</p><h3 class="chakra-heading css-6qrhwc" id="20296100001_EA" data-testid="product-title">Ristorante Thin Crust Spinaci (Spinach) Pizza</h3><p class="chakra-text css-1yftjin" data-testid="product-package-size">390 g, $0.89/100g</p></div></a><div class="css-8keand"></div></div><div class="css-1q5omjq"><div class="css-fcebb8"><div data-testid="atc-compact" class="css-y94ivq" style="width: 45px;"><button type="button" class="chakra-button css-mudsm6" data-testid="atc-button"><svg stroke="currentColor" fill="currentColor" stroke-width="0" viewBox="0 0 24 24" focusable="false" class="chakra-icon css-1g3sp7a" data-testid="btn-icon" aria-hidden="true" height="1em" width="1em" xmlns="http://www.w3.org/2000/svg"><path d="M19 13h-6v6h-2v-6H5v-2h6V5h2v6h6v2z"></path></svg><span class="css-idkz9h">Add Ristorante Thin Crust Spinaci (Spinach) Pizza to cart</span></button></div></div></div></div></div></li><li tabindex="-1" class="css-0"><div class="css-f5i5wc"><div class="chakra-linkbox css-vhnn8v"><div data-testid="product-image" class="css-16dr4ly"><img alt="Rooster Thai Hom Mali Scented Jasmine Rice 2 kg, $0.30/100g" src="https://assets.shop.loblaws.ca/products/20144395/b1/en/front/20144395_front_a01_@2.png" srcset="https://assets.shop.loblaws.ca/products/20144395/b1/en/front/20144395_front_a01_@2.png 1x, https://assets.shop.loblaws.ca/products/20144395/b1/en/front/20144395_front_a01_@2.png 2x" loading="lazy" class="chakra-image css-oguq8l" aria-hidden="true"></div><div class="css-qoklea"><div class="css-12dchmx"></div><div data-testid="price-product-tile" class="css-8atqhb"><p class="chakra-text css-0"><span class="chakra-text css-pwnbcb" data-testid="regular-price"><span class="css-idkz9h">$5.99</span>$5.99</span></p></div><a href="/thai-hom-mali-scented-jasmine-rice/p/20144395_EA?source=nspt" class="chakra-linkbox__overlay css-1hnz6hu"><div class="css-0"><p class="chakra-text css-1ecdp9w" data-testid="product-brand">Rooster</p><h3 class="chakra-heading css-6qrhwc" id="20144395_EA" data-testid="product-title">Thai Hom Mali Scented Jasmine Rice</h3><p class="chakra-text css-1yftjin" data-testid="product-package-size">2 kg, $0.30/100g</p></div></a><div class="css-8keand"></div></div><div class="css-1q5omjq"><div class="css-fcebb8"><div data-testid="atc-compact" class="css-y94ivq" style="width: 45px;"><button type="button" class="chakra-button css-mudsm6" data-testid="atc-button"><svg stroke="currentColor" fill="currentColor" stroke-width="0" viewBox="0 0 24 24" focusable="false" class="chakra-icon css-1g3sp7a" data-testid="btn-icon" aria-hidden="true" height="1em" width="1em" xmlns="http://www.w3.org/2000/svg"><path d="M19 13h-6v6h-2v-6H5v-2h6V5h2v6h6v2z"></path></svg><span class="css-idkz9h">Add Thai Hom Mali Scented Jasmine Rice to cart</span></button></div></div></div></div></div></li><li tabindex="-1" class="css-0"><div class="css-f5i5wc"><div class="chakra-linkbox css-vhnn8v"><div data-testid="product-image" class="css-16dr4ly"><img alt="No Name Naturally Imperfect Potatoes 15lb 6804 g, $0.10/100g" src="https://assets.shop.loblaws.ca/products/20944462001/b1/en/front/20944462001_front_a01_@2.png" srcset="https://assets.shop.loblaws.ca/products/20944462001/b1/en/front/20944462001_front_a01_@2.png 1x, https://assets.shop.loblaws.ca/products/20944462001/b1/en/front/20944462001_front_a01_@2.png 2x" loading="lazy" class="chakra-image css-oguq8l" aria-hidden="true"></div><div class="css-qoklea"><div class="css-12dchmx"></div><div data-testid="price-product-tile" class="css-8atqhb"><p class="chakra-text css-0"><span class="chakra-text css-pwnbcb" data-testid="regular-price"><span class="css-idkz9h">$7.00</span>$7.00</span></p></div><a href="/naturally-imperfect-potatoes-15lb/p/20944462001_EA?source=nspt" class="chakra-linkbox__overlay css-1hnz6hu"><div class="css-0"><p class="chakra-text css-1ecdp9w" data-testid="product-brand">No Name</p><h3 class="chakra-heading css-6qrhwc" id="20944462001_EA" data-testid="product-title">Naturally Imperfect Potatoes 15lb</h3><p class="chakra-text css-1yftjin" data-testid="product-package-size">6804 g, $0.10/100g</p></div></a><div class="css-8keand"></div></div><div class="css-1q5omjq"><div class="css-fcebb8"><div data-testid="atc-compact" class="css-y94ivq" style="width: 45px;"><button type="button" class="chakra-button css-mudsm6" data-testid="atc-button"><svg stroke="currentColor" fill="currentColor" stroke-width="0" viewBox="0 0 24 24" focusable="false" class="chakra-icon css-1g3sp7a" data-testid="btn-icon" aria-hidden="true" height="1em" width="1em" xmlns="http://www.w3.org/2000/svg"><path d="M19 13h-6v6h-2v-6H5v-2h6V5h2v6h6v2z"></path></svg><span class="css-idkz9h">Add Naturally Imperfect Potatoes 15lb to cart</span></button></div></div></div></div></div></li><li tabindex="-1" class="css-0"><div class="css-f5i5wc"><div class="chakra-linkbox css-vhnn8v"><div data-testid="product-image" class="css-16dr4ly"><img alt="Imperial Margarine Club Pack 1.275 kg, $0.69/100g" src="https://assets.shop.loblaws.ca/products/20084892/b1/en/front/20084892_front_a01_@2.png" srcset="https://assets.shop.loblaws.ca/products/20084892/b1/en/front/20084892_front_a01_@2.png 1x, https://assets.shop.loblaws.ca/products/20084892/b1/en/front/20084892_front_a01_@2.png 2x" loading="lazy" class="chakra-image css-oguq8l" aria-hidden="true"></div><div class="css-qoklea"><div class="css-12dchmx"></div><div data-testid="price-product-tile" class="css-8atqhb"><p class="chakra-text css-0"><span class="chakra-text css-pwnbcb" data-testid="regular-price"><span class="css-idkz9h">$8.79</span>$8.79</span></p></div><a href="/margarine-club-pack/p/20084892_EA?source=nspt" class="chakra-linkbox__overlay css-1hnz6hu"><div class="css-0"><p class="chakra-text css-1ecdp9w" data-testid="product-brand">Imperial</p><h3 class="chakra-heading css-6qrhwc" id="20084892_EA" data-testid="product-title">Margarine Club Pack</h3><p class="chakra-text css-1yftjin" data-testid="product-package-size">1.275 kg, $0.69/100g</p></div></a><div class="css-8keand"></div></div><div class="css-1q5omjq"><div class="css-fcebb8"><div data-testid="atc-compact" class="css-y94ivq" style="width: 45px;"><button type="button" class="chakra-button css-mudsm6" data-testid="atc-button"><svg stroke="currentColor" fill="currentColor" stroke-width="0" viewBox="0 0 24 24" focusable="false" class="chakra-icon css-1g3sp7a" data-testid="btn-icon" aria-hidden="true" height="1em" width="1em" xmlns="http://www.w3.org/2000/svg"><path d="M19 13h-6v6h-2v-6H5v-2h6V5h2v6h6v2z"></path></svg><span class="css-idkz9h">Add Margarine Club Pack to cart</span></button></div></div></div></div></div></li><li tabindex="-1" class="css-0"><div class="css-f5i5wc"><div class="chakra-linkbox css-vhnn8v"><div data-testid="product-image" class="css-16dr4ly"><img alt="Ocean Spray Cranberry Cocktail 1.89 l, $0.24/100ml" src="https://assets.shop.loblaws.ca/products/20300006008/b1/en/front/20300006008_front_a01_@2.png" srcset="https://assets.shop.loblaws.ca/products/20300006008/b1/en/front/20300006008_front_a01_@2.png 1x, https://assets.shop.loblaws.ca/products/20300006008/b1/en/front/20300006008_front_a01_@2.png 2x" loading="lazy" class="chakra-image css-oguq8l" aria-hidden="true"></div><div class="css-qoklea"><div class="css-12dchmx"></div><div data-testid="price-product-tile" class="css-8atqhb"><p class="chakra-text css-0"><span class="chakra-text css-pwnbcb" data-testid="regular-price"><span class="css-idkz9h">$4.49</span>$4.49</span></p></div><a href="/cranberry-cocktail/p/20300006008_EA?source=nspt" class="chakra-linkbox__overlay css-1hnz6hu"><div class="css-0"><p class="chakra-text css-1ecdp9w" data-testid="product-brand">Ocean Spray</p><h3 class="chakra-heading css-6qrhwc" id="20300006008_EA" data-testid="product-title">Cranberry Cocktail</h3><p class="chakra-text css-1yftjin" data-testid="product-package-size">1.89 l, $0.24/100ml</p></div></a><div class="css-8keand"></div></div><div class="css-1q5omjq"><div class="css-fcebb8"><div data-testid="atc-compact" class="css-y94ivq" style="width: 45px;"><button type="button" class="chakra-button css-mudsm6" data-testid="atc-button"><svg stroke="currentColor" fill="currentColor" stroke-width="0" viewBox="0 0 24 24" focusable="false" class="chakra-icon css-1g3sp7a" data-testid="btn-icon" aria-hidden="true" height="1em" width="1em" xmlns="http://www.w3.org/2000/svg"><path d="M19 13h-6v6h-2v-6H5v-2h6V5h2v6h6v2z"></path></svg><span class="css-idkz9h">Add Cranberry Cocktail to cart</span></button></div></div></div></div></div></li><li tabindex="-1" class="css-0"><div class="css-f5i5wc"><div class="chakra-linkbox css-vhnn8v"><div data-testid="product-image" class="css-16dr4ly"><img alt="Pillers Turkey Bites Smoked Turkey Sausage Original 300 g, $2.33/100g" src="https://assets.shop.loblaws.ca/products/21099386/b1/en/front/21099386_front_a01_@2.png" srcset="https://assets.shop.loblaws.ca/products/21099386/b1/en/front/21099386_front_a01_@2.png 1x, https://assets.shop.loblaws.ca/products/21099386/b1/en/front/21099386_front_a01_@2.png 2x" loading="lazy" class="chakra-image css-oguq8l" aria-hidden="true"></div><div class="css-qoklea"><div class="css-12dchmx"></div><div data-testid="price-product-tile" class="css-8atqhb"><p class="chakra-text css-0"><span class="chakra-text css-o93gbd" data-testid="sale-price"><span class="css-idkz9h">$6.99</span>$6.99</span><span class="chakra-text css-623q5h" data-testid="was-price"><span class="css-idkz9h">$10.99</span>$10.99</span></p><p class="chakra-text css-1m5a6y8" data-testid="price-descriptor">SAVE $4.00</p></div><a href="/turkey-bites-smoked-turkey-sausage-original/p/21099386_EA?source=nspt" class="chakra-linkbox__overlay css-1hnz6hu"><div class="css-0"><p class="chakra-text css-1ecdp9w" data-testid="product-brand">Pillers</p><h3 class="chakra-heading css-6qrhwc" id="21099386_EA" data-testid="product-title">Turkey Bites Smoked Turkey Sausage Original</h3><p class="chakra-text css-1yftjin" data-testid="product-package-size">300 g, $2.33/100g</p></div></a><div class="css-8keand"></div></div><div class="css-1q5omjq"><div class="css-fcebb8"><div data-testid="atc-compact" class="css-y94ivq" style="width: 45px;"><button type="button" class="chakra-button css-mudsm6" data-testid="atc-button"><svg stroke="currentColor" fill="currentColor" stroke-width="0" viewBox="0 0 24 24" focusable="false" class="chakra-icon css-1g3sp7a" data-testid="btn-icon" aria-hidden="true" height="1em" width="1em" xmlns="http://www.w3.org/2000/svg"><path d="M19 13h-6v6h-2v-6H5v-2h6V5h2v6h6v2z"></path></svg><span class="css-idkz9h">Add Turkey Bites Smoked Turkey Sausage Original to cart</span></button></div></div></div></div></div></li><li tabindex="-1" class="css-0"><div class="css-f5i5wc"><div class="chakra-linkbox css-vhnn8v"><div data-testid="product-image" class="css-16dr4ly"><img alt="Seaquest Pink Salmon Fillets 400 g, $1.50/100g" src="https://assets.shop.loblaws.ca/products/21314740/b1/en/front/21314740_front_a01_@2.png" srcset="https://assets.shop.loblaws.ca/products/21314740/b1/en/front/21314740_front_a01_@2.png 1x, https://assets.shop.loblaws.ca/products/21314740/b1/en/front/21314740_front_a01_@2.png 2x" loading="lazy" class="chakra-image css-oguq8l" aria-hidden="true"></div><div class="css-qoklea"><div class="css-12dchmx"></div><div data-testid="price-product-tile" class="css-8atqhb"><p class="chakra-text css-0"><span class="chakra-text css-o93gbd" data-testid="sale-price"><span class="css-idkz9h">$6.00</span>$6.00</span><span class="chakra-text css-623q5h" data-testid="was-price"><span class="css-idkz9h">$8.00</span>$8.00</span></p><p class="chakra-text css-1m5a6y8" data-testid="price-descriptor">SAVE $2.00</p></div><a href="/pink-salmon-fillets/p/21314740_EA?source=nspt" class="chakra-linkbox__overlay css-1hnz6hu"><div class="css-0"><p class="chakra-text css-1ecdp9w" data-testid="product-brand">Seaquest</p><h3 class="chakra-heading css-6qrhwc" id="21314740_EA" data-testid="product-title">Pink Salmon Fillets</h3><p class="chakra-text css-1yftjin" data-testid="product-package-size">400 g, $1.50/100g</p></div></a><div class="css-8keand"></div></div><div class="css-1q5omjq"><div class="css-fcebb8"><div data-testid="atc-compact" class="css-y94ivq" style="width: 45px;"><button type="button" class="chakra-button css-mudsm6" data-testid="atc-button"><svg stroke="currentColor" fill="currentColor" stroke-width="0" viewBox="0 0 24 24" focusable="false" class="chakra-icon css-1g3sp7a" data-testid="btn-icon" aria-hidden="true" height="1em" width="1em" xmlns="http://www.w3.org/2000/svg"><path d="M19 13h-6v6h-2v-6H5v-2h6V5h2v6h6v2z"></path></svg><span class="css-idkz9h">Add Pink Salmon Fillets to cart</span></button></div></div></div></div></div></li><li tabindex="-1" class="css-0"><div class="css-f5i5wc"><div class="chakra-linkbox css-vhnn8v"><div data-testid="product-image" class="css-16dr4ly"><img alt="No Name Chunk Light Tuna 170 g, $0.58/100g" src="https://assets.shop.loblaws.ca/products/20521647/b1/en/front/20521647_front_a01_@2.png" srcset="https://assets.shop.loblaws.ca/products/20521647/b1/en/front/20521647_front_a01_@2.png 1x, https://assets.shop.loblaws.ca/products/20521647/b1/en/front/20521647_front_a01_@2.png 2x" loading="lazy" class="chakra-image css-oguq8l" aria-hidden="true"></div><div class="css-qoklea"><div class="css-12dchmx"></div><div data-testid="price-product-tile" class="css-8atqhb"><p class="chakra-text css-0"><span class="chakra-text css-o93gbd" data-testid="sale-price"><span class="css-idkz9h">$0.99</span>$0.99</span><span class="chakra-text css-623q5h" data-testid="was-price"><span class="css-idkz9h">$1.29</span>$1.29</span></p><p class="chakra-text css-1m5a6y8" data-testid="price-descriptor">SAVE $0.30</p></div><a href="/chunk-light-tuna/p/20521647_EA?source=nspt" class="chakra-linkbox__overlay css-1hnz6hu"><div class="css-0"><p class="chakra-text css-1ecdp9w" data-testid="product-brand">No Name</p><h3 class="chakra-heading css-6qrhwc" id="20521647_EA" data-testid="product-title">Chunk Light Tuna</h3><p class="chakra-text css-1yftjin" data-testid="product-package-size">170 g, $0.58/100g</p></div></a><div class="css-8keand"></div></div><div class="css-1q5omjq"><div class="css-fcebb8"><div data-testid="atc-compact" class="css-y94ivq" style="width: 45px;"><button type="button" class="chakra-button css-mudsm6" data-testid="atc-button"><svg stroke="currentColor" fill="currentColor" stroke-width="0" viewBox="0 0 24 24" focusable="false" class="chakra-icon css-1g3sp7a" data-testid="btn-icon" aria-hidden="true" height="1em" width="1em" xmlns="http://www.w3.org/2000/svg"><path d="M19 13h-6v6h-2v-6H5v-2h6V5h2v6h6v2z"></path></svg><span class="css-idkz9h">Add Chunk Light Tuna to cart</span></button></div></div></div></div></div></li><li tabindex="-1" class="css-0"><div class="css-f5i5wc"><div class="chakra-linkbox css-vhnn8v"><div data-testid="product-image" class="css-16dr4ly"><img alt="Nutella Hazelnut Spread with Cocoa for Breakfast 725 g, $0.96/100g" src="https://assets.shop.loblaws.ca/products/20436105/b1/en/front/20436105_front_a01_@2.png" srcset="https://assets.shop.loblaws.ca/products/20436105/b1/en/front/20436105_front_a01_@2.png 1x, https://assets.shop.loblaws.ca/products/20436105/b1/en/front/20436105_front_a01_@2.png 2x" loading="lazy" class="chakra-image css-oguq8l" aria-hidden="true"></div><div class="css-qoklea"><div class="css-12dchmx"></div><div data-testid="price-product-tile" class="css-8atqhb"><p class="chakra-text css-0"><span class="chakra-text css-pwnbcb" data-testid="regular-price"><span class="css-idkz9h">$6.99</span>$6.99</span></p></div><a href="/hazelnut-spread-with-cocoa-for-breakfast/p/20436105_EA?source=nspt" class="chakra-linkbox__overlay css-1hnz6hu"><div class="css-0"><p class="chakra-text css-1ecdp9w" data-testid="product-brand">Nutella</p><h3 class="chakra-heading css-6qrhwc" id="20436105_EA" data-testid="product-title">Hazelnut Spread with Cocoa for Breakfast</h3><p class="chakra-text css-1yftjin" data-testid="product-package-size">725 g, $0.96/100g</p></div></a><div class="css-8keand"></div></div><div class="css-1q5omjq"><div class="css-fcebb8"><div data-testid="atc-compact" class="css-y94ivq" style="width: 45px;"><button type="button" class="chakra-button css-mudsm6" data-testid="atc-button"><svg stroke="currentColor" fill="currentColor" stroke-width="0" viewBox="0 0 24 24" focusable="false" class="chakra-icon css-1g3sp7a" data-testid="btn-icon" aria-hidden="true" height="1em" width="1em" xmlns="http://www.w3.org/2000/svg"><path d="M19 13h-6v6h-2v-6H5v-2h6V5h2v6h6v2z"></path></svg><span class="css-idkz9h">Add Hazelnut Spread with Cocoa for Breakfast to cart</span></button></div></div></div></div></div></li><li tabindex="-1" class="css-0"><div class="css-f5i5wc"><div class="chakra-linkbox css-vhnn8v"><div data-testid="product-image" class="css-16dr4ly"><img alt="Unico Manzanilla Olives, Stuffed 375 ml, $0.88/100ml" src="https://assets.shop.loblaws.ca/products/20024445/b1/en/front/20024445_front_a01_@2.png" srcset="https://assets.shop.loblaws.ca/products/20024445/b1/en/front/20024445_front_a01_@2.png 1x, https://assets.shop.loblaws.ca/products/20024445/b1/en/front/20024445_front_a01_@2.png 2x" loading="lazy" class="chakra-image css-oguq8l" aria-hidden="true"></div><div class="css-qoklea"><div class="css-12dchmx"></div><div data-testid="price-product-tile" class="css-8atqhb"><p class="chakra-text css-0"><span class="chakra-text css-pwnbcb" data-testid="regular-price"><span class="css-idkz9h">$3.29</span>$3.29</span></p></div><a href="/manzanilla-olives-stuffed/p/20024445_EA?source=nspt" class="chakra-linkbox__overlay css-1hnz6hu"><div class="css-0"><p class="chakra-text css-1ecdp9w" data-testid="product-brand">Unico</p><h3 class="chakra-heading css-6qrhwc" id="20024445_EA" data-testid="product-title">Manzanilla Olives, Stuffed</h3><p class="chakra-text css-1yftjin" data-testid="product-package-size">375 ml, $0.88/100ml</p></div></a><div class="css-8keand"></div></div><div class="css-1q5omjq"><div class="css-fcebb8"><div data-testid="atc-compact" class="css-y94ivq" style="width: 45px;"><button type="button" class="chakra-button css-mudsm6" data-testid="atc-button"><svg stroke="currentColor" fill="currentColor" stroke-width="0" viewBox="0 0 24 24" focusable="false" class="chakra-icon css-1g3sp7a" data-testid="btn-icon" aria-hidden="true" height="1em" width="1em" xmlns="http://www.w3.org/2000/svg"><path d="M19 13h-6v6h-2v-6H5v-2h6V5h2v6h6v2z"></path></svg><span class="css-idkz9h">Add Manzanilla Olives, Stuffed to cart</span></button></div></div></div></div></div></li><li tabindex="-1" class="css-0"><div class="css-f5i5wc"><div class="chakra-linkbox css-vhnn8v"><div data-testid="product-image" class="css-16dr4ly"><img alt="Vim Cream Cleaner Lemon Scent with 100% natural cleaning particles 500 ml, $0.80/100ml" src="https://assets.shop.loblaws.ca/products/21074891/b1/en/front/21074891_front_a01_@2.png" srcset="https://assets.shop.loblaws.ca/products/21074891/b1/en/front/21074891_front_a01_@2.png 1x, https://assets.shop.loblaws.ca/products/21074891/b1/en/front/21074891_front_a01_@2.png 2x" loading="lazy" class="chakra-image css-oguq8l" aria-hidden="true"></div><div class="css-qoklea"><div class="css-12dchmx"></div><div data-testid="price-product-tile" class="css-8atqhb"><p class="chakra-text css-0"><span class="chakra-text css-pwnbcb" data-testid="regular-price"><span class="css-idkz9h">$3.99</span>$3.99</span></p></div><a href="/cream-cleaner-lemon-scent-with-100-natural-cleanin/p/21074891_EA?source=nspt" class="chakra-linkbox__overlay css-1hnz6hu"><div class="css-0"><p class="chakra-text css-1ecdp9w" data-testid="product-brand">Vim</p><h3 class="chakra-heading css-6qrhwc" id="21074891_EA" data-testid="product-title">Cream Cleaner Lemon Scent with 100% natural cleaning particles</h3><p class="chakra-text css-1yftjin" data-testid="product-package-size">500 ml, $0.80/100ml</p></div></a><div class="css-8keand"></div></div><div class="css-1q5omjq"><div class="css-fcebb8"><div data-testid="atc-compact" class="css-y94ivq" style="width: 45px;"><button type="button" class="chakra-button css-mudsm6" data-testid="atc-button"><svg stroke="currentColor" fill="currentColor" stroke-width="0" viewBox="0 0 24 24" focusable="false" class="chakra-icon css-1g3sp7a" data-testid="btn-icon" aria-hidden="true" height="1em" width="1em" xmlns="http://www.w3.org/2000/svg"><path d="M19 13h-6v6h-2v-6H5v-2h6V5h2v6h6v2z"></path></svg><span class="css-idkz9h">Add Cream Cleaner Lemon Scent with 100% natural cleaning particles to cart</span></button></div></div></div></div></div></li><li tabindex="-1" class="css-0"><div class="css-f5i5wc"><div class="chakra-linkbox css-vhnn8v"><div data-testid="product-image" class="css-16dr4ly"><img alt="Oxi Clean Laundry Stain Remover Spray 650 ml, $0.69/100ml" src="https://assets.shop.loblaws.ca/products/21082049/b1/en/front/21082049_front_a01_@2.png" srcset="https://assets.shop.loblaws.ca/products/21082049/b1/en/front/21082049_front_a01_@2.png 1x, https://assets.shop.loblaws.ca/products/21082049/b1/en/front/21082049_front_a01_@2.png 2x" loading="lazy" class="chakra-image css-oguq8l" aria-hidden="true"></div><div class="css-qoklea"><div class="css-12dchmx"></div><div data-testid="price-product-tile" class="css-8atqhb"><p class="chakra-text css-0"><span class="chakra-text css-pwnbcb" data-testid="regular-price"><span class="css-idkz9h">$4.49</span>$4.49</span></p></div><a href="/laundry-stain-remover-spray/p/21082049_EA?source=nspt" class="chakra-linkbox__overlay css-1hnz6hu"><div class="css-0"><p class="chakra-text css-1ecdp9w" data-testid="product-brand">Oxi Clean</p><h3 class="chakra-heading css-6qrhwc" id="21082049_EA" data-testid="product-title">Laundry Stain Remover Spray</h3><p class="chakra-text css-1yftjin" data-testid="product-package-size">650 ml, $0.69/100ml</p></div></a><div class="css-8keand"></div></div><div class="css-1q5omjq"><div class="css-fcebb8"><div data-testid="atc-compact" class="css-y94ivq" style="width: 45px;"><button type="button" class="chakra-button css-mudsm6" data-testid="atc-button"><svg stroke="currentColor" fill="currentColor" stroke-width="0" viewBox="0 0 24 24" focusable="false" class="chakra-icon css-1g3sp7a" data-testid="btn-icon" aria-hidden="true" height="1em" width="1em" xmlns="http://www.w3.org/2000/svg"><path d="M19 13h-6v6h-2v-6H5v-2h6V5h2v6h6v2z"></path></svg><span class="css-idkz9h">Add Laundry Stain Remover Spray to cart</span></button></div></div></div></div></div></li><li tabindex="-1" class="css-0"><div class="css-f5i5wc"><div class="chakra-linkbox css-vhnn8v"><div data-testid="product-image" class="css-16dr4ly"><img alt="Tetley Herbal Tea Live Calm Camomile Spearmint Orange 30 g, $9.97/100g" src="https://assets.shop.loblaws.ca/products/21480614/b1/en/front/21480614_front_a01_@2.png" srcset="https://assets.shop.loblaws.ca/products/21480614/b1/en/front/21480614_front_a01_@2.png 1x, https://assets.shop.loblaws.ca/products/21480614/b1/en/front/21480614_front_a01_@2.png 2x" loading="lazy" class="chakra-image css-oguq8l" aria-hidden="true"></div><div class="css-qoklea"><div class="css-12dchmx"></div><div data-testid="price-product-tile" class="css-8atqhb"><p class="chakra-text css-0"><span class="chakra-text css-o93gbd" data-testid="sale-price"><span class="css-idkz9h">$2.99</span>$2.99</span><span class="chakra-text css-623q5h" data-testid="was-price"><span class="css-idkz9h">$4.49</span>$4.49</span></p><p class="chakra-text css-1m5a6y8" data-testid="price-descriptor">SAVE $1.50</p></div><a href="/herbal-tea-live-calm-camomile-spearmint-orange/p/21480614_EA?source=nspt" class="chakra-linkbox__overlay css-1hnz6hu"><div class="css-0"><p class="chakra-text css-1ecdp9w" data-testid="product-brand">Tetley</p><h3 class="chakra-heading css-6qrhwc" id="21480614_EA" data-testid="product-title">Herbal Tea Live Calm Camomile Spearmint Orange</h3><p class="chakra-text css-1yftjin" data-testid="product-package-size">30 g, $9.97/100g</p></div></a><div class="css-8keand"></div></div><div class="css-1q5omjq"><div class="css-fcebb8"><div data-testid="atc-compact" class="css-y94ivq" style="width: 45px;"><button type="button" class="chakra-button css-mudsm6" data-testid="atc-button"><svg stroke="currentColor" fill="currentColor" stroke-width="0" viewBox="0 0 24 24" focusable="false" class="chakra-icon css-1g3sp7a" data-testid="btn-icon" aria-hidden="true" height="1em" width="1em" xmlns="http://www.w3.org/2000/svg"><path d="M19 13h-6v6h-2v-6H5v-2h6V5h2v6h6v2z"></path></svg><span class="css-idkz9h">Add Herbal Tea Live Calm Camomile Spearmint Orange to cart</span></button></div></div></div></div></div></li><li tabindex="-1" class="css-0"><div class="css-f5i5wc"><div class="chakra-linkbox css-vhnn8v"><div data-testid="product-image" class="css-16dr4ly"><img alt="Quaker Maple &amp; Brown Sugar Flavour Instant Oatmeal 344 g, $0.96/100g" src="https://assets.shop.loblaws.ca/products/21190254/b1/en/front/21190254_front_a01_@2.png" srcset="https://assets.shop.loblaws.ca/products/21190254/b1/en/front/21190254_front_a01_@2.png 1x, https://assets.shop.loblaws.ca/products/21190254/b1/en/front/21190254_front_a01_@2.png 2x" loading="lazy" class="chakra-image css-oguq8l" aria-hidden="true"></div><div class="css-qoklea"><div class="css-12dchmx"></div><div data-testid="price-product-tile" class="css-8atqhb"><p class="chakra-text css-0"><span class="chakra-text css-pwnbcb" data-testid="regular-price"><span class="css-idkz9h">$3.29</span>$3.29</span></p></div><a href="/maple-brown-sugar-flavour-instant-oatmeal/p/21190254_EA?source=nspt" class="chakra-linkbox__overlay css-1hnz6hu"><div class="css-0"><p class="chakra-text css-1ecdp9w" data-testid="product-brand">Quaker</p><h3 class="chakra-heading css-6qrhwc" id="21190254_EA" data-testid="product-title">Maple &amp; Brown Sugar Flavour Instant Oatmeal</h3><p class="chakra-text css-1yftjin" data-testid="product-package-size">344 g, $0.96/100g</p></div></a><div class="css-8keand"></div></div><div class="css-1q5omjq"><div class="css-fcebb8"><div data-testid="atc-compact" class="css-y94ivq" style="width: 45px;"><button type="button" class="chakra-button css-mudsm6" data-testid="atc-button"><svg stroke="currentColor" fill="currentColor" stroke-width="0" viewBox="0 0 24 24" focusable="false" class="chakra-icon css-1g3sp7a" data-testid="btn-icon" aria-hidden="true" height="1em" width="1em" xmlns="http://www.w3.org/2000/svg"><path d="M19 13h-6v6h-2v-6H5v-2h6V5h2v6h6v2z"></path></svg><span class="css-idkz9h">Add Maple &amp; Brown Sugar Flavour Instant Oatmeal to cart</span></button></div></div></div></div></div></li><li tabindex="-1" class="css-0"><div class="css-f5i5wc"><div class="chakra-linkbox css-vhnn8v"><div data-testid="product-image" class="css-16dr4ly"><img alt="Carbonaut Gluten Free Bagels Seeded Herb &amp; Garlic 335 g, $2.39/100g" src="https://assets.shop.loblaws.ca/products/21446968/b1/en/front/21446968_front_a01_@2.png" srcset="https://assets.shop.loblaws.ca/products/21446968/b1/en/front/21446968_front_a01_@2.png 1x, https://assets.shop.loblaws.ca/products/21446968/b1/en/front/21446968_front_a01_@2.png 2x" loading="lazy" class="chakra-image css-oguq8l" aria-hidden="true"></div><div class="css-qoklea"><div class="css-12dchmx"></div><div data-testid="price-product-tile" class="css-8atqhb"><p class="chakra-text css-0"><span class="chakra-text css-o93gbd" data-testid="sale-price"><span class="css-idkz9h">$7.99</span>$7.99</span><span class="chakra-text css-623q5h" data-testid="was-price"><span class="css-idkz9h">$11.99</span>$11.99</span></p><p class="chakra-text css-1m5a6y8" data-testid="price-descriptor">SAVE $4.00</p></div><a href="/gluten-free-bagels-seeded-herb-garlic/p/21446968_EA?source=nspt" class="chakra-linkbox__overlay css-1hnz6hu"><div class="css-0"><p class="chakra-text css-1ecdp9w" data-testid="product-brand">Carbonaut</p><h3 class="chakra-heading css-6qrhwc" id="21446968_EA" data-testid="product-title">Gluten Free Bagels Seeded Herb &amp; Garlic</h3><p class="chakra-text css-1yftjin" data-testid="product-package-size">335 g, $2.39/100g</p></div></a><div class="css-8keand"></div></div><div class="css-1q5omjq"><div class="css-fcebb8"><div data-testid="atc-compact" class="css-y94ivq" style="width: 45px;"><button type="button" class="chakra-button css-mudsm6" data-testid="atc-button"><svg stroke="currentColor" fill="currentColor" stroke-width="0" viewBox="0 0 24 24" focusable="false" class="chakra-icon css-1g3sp7a" data-testid="btn-icon" aria-hidden="true" height="1em" width="1em" xmlns="http://www.w3.org/2000/svg"><path d="M19 13h-6v6h-2v-6H5v-2h6V5h2v6h6v2z"></path></svg><span class="css-idkz9h">Add Gluten Free Bagels Seeded Herb &amp; Garlic to cart</span></button></div></div></div></div></div></li><li tabindex="-1" class="css-0"><div class="css-f5i5wc"><div class="chakra-linkbox css-vhnn8v"><div data-testid="product-image" class="css-16dr4ly"><img alt="President's Choice The Natural Vinegar 4 l, $0.09/100ml" src="https://assets.shop.loblaws.ca/products/20149137/b1/en/front/20149137_front_a01_@2.png" srcset="https://assets.shop.loblaws.ca/products/20149137/b1/en/front/20149137_front_a01_@2.png 1x, https://assets.shop.loblaws.ca/products/20149137/b1/en/front/20149137_front_a01_@2.png 2x" loading="lazy" class="chakra-image css-oguq8l" aria-hidden="true"></div><div class="css-qoklea"><div class="css-12dchmx"></div><div data-testid="price-product-tile" class="css-8atqhb"><p class="chakra-text css-0"><span class="chakra-text css-o93gbd" data-testid="sale-price"><span class="css-idkz9h">$3.49</span>$3.49</span><span class="chakra-text css-623q5h" data-testid="was-price"><span class="css-idkz9h">$3.99</span>$3.99</span></p><p class="chakra-text css-1m5a6y8" data-testid="price-descriptor">SAVE $0.50</p></div><a href="/the-natural-vinegar/p/20149137_EA?source=nspt" class="chakra-linkbox__overlay css-1hnz6hu"><div class="css-0"><p class="chakra-text css-1ecdp9w" data-testid="product-brand">President's Choice</p><h3 class="chakra-heading css-6qrhwc" id="20149137_EA" data-testid="product-title">The Natural Vinegar</h3><p class="chakra-text css-1yftjin" data-testid="product-package-size">4 l, $0.09/100ml</p></div></a><div class="css-8keand"></div></div><div class="css-1q5omjq"><div class="css-fcebb8"><div data-testid="atc-compact" class="css-y94ivq" style="width: 45px;"><button type="button" class="chakra-button css-mudsm6" data-testid="atc-button"><svg stroke="currentColor" fill="currentColor" stroke-width="0" viewBox="0 0 24 24" focusable="false" class="chakra-icon css-1g3sp7a" data-testid="btn-icon" aria-hidden="true" height="1em" width="1em" xmlns="http://www.w3.org/2000/svg"><path d="M19 13h-6v6h-2v-6H5v-2h6V5h2v6h6v2z"></path></svg><span class="css-idkz9h">Add The Natural Vinegar to cart</span></button></div></div></div></div></div></li><li tabindex="-1" class="css-0"><div class="css-f5i5wc"><div class="chakra-linkbox css-vhnn8v"><div data-testid="product-image" class="css-16dr4ly"><img alt="No Name Stuffed Breaded Chicken Breasts, Ham &amp; Cheese 284 g, $1.69/100g" src="https://assets.shop.loblaws.ca/products/20503300/b1/en/front/20503300_front_a01_@2.png" srcset="https://assets.shop.loblaws.ca/products/20503300/b1/en/front/20503300_front_a01_@2.png 1x, https://assets.shop.loblaws.ca/products/20503300/b1/en/front/20503300_front_a01_@2.png 2x" loading="lazy" class="chakra-image css-oguq8l" aria-hidden="true"></div><div class="css-qoklea"><div class="css-12dchmx"></div><div data-testid="price-product-tile" class="css-8atqhb"><p class="chakra-text css-0"><span class="chakra-text css-pwnbcb" data-testid="regular-price"><span class="css-idkz9h">$4.79</span>$4.79</span></p></div><a href="/stuffed-breaded-chicken-breasts-ham-cheese/p/20503300_EA?source=nspt" class="chakra-linkbox__overlay css-1hnz6hu"><div class="css-0"><p class="chakra-text css-1ecdp9w" data-testid="product-brand">No Name</p><h3 class="chakra-heading css-6qrhwc" id="20503300_EA" data-testid="product-title">Stuffed Breaded Chicken Breasts, Ham &amp; Cheese</h3><p class="chakra-text css-1yftjin" data-testid="product-package-size">284 g, $1.69/100g</p></div></a><div class="css-8keand"></div></div><div class="css-1q5omjq"><div class="css-fcebb8"><div data-testid="atc-compact" class="css-y94ivq" style="width: 45px;"><button type="button" class="chakra-button css-mudsm6" data-testid="atc-button"><svg stroke="currentColor" fill="currentColor" stroke-width="0" viewBox="0 0 24 24" focusable="false" class="chakra-icon css-1g3sp7a" data-testid="btn-icon" aria-hidden="true" height="1em" width="1em" xmlns="http://www.w3.org/2000/svg"><path d="M19 13h-6v6h-2v-6H5v-2h6V5h2v6h6v2z"></path></svg><span class="css-idkz9h">Add Stuffed Breaded Chicken Breasts, Ham &amp; Cheese to cart</span></button></div></div></div></div></div></li><li tabindex="-1" class="css-0"><div class="css-f5i5wc"><div class="chakra-linkbox css-vhnn8v"><div data-testid="product-image" class="css-16dr4ly"><img alt="Nestlé Gerber Graduates Cheddar Lil' Crunchie 42 g, $8.31/100g" src="https://assets.shop.loblaws.ca/products/20304618007/b1/en/front/20304618007_front_a01_@2.png" srcset="https://assets.shop.loblaws.ca/products/20304618007/b1/en/front/20304618007_front_a01_@2.png 1x, https://assets.shop.loblaws.ca/products/20304618007/b1/en/front/20304618007_front_a01_@2.png 2x" loading="lazy" class="chakra-image css-oguq8l" aria-hidden="true"></div><div class="css-qoklea"><div class="css-12dchmx"></div><div data-testid="price-product-tile" class="css-8atqhb"><p class="chakra-text css-0"><span class="chakra-text css-pwnbcb" data-testid="regular-price"><span class="css-idkz9h">$3.49</span>$3.49</span></p></div><a href="/gerber-graduates-cheddar-lil-crunchie/p/20304618007_EA?source=nspt" class="chakra-linkbox__overlay css-1hnz6hu"><div class="css-0"><p class="chakra-text css-1ecdp9w" data-testid="product-brand">Nestlé</p><h3 class="chakra-heading css-6qrhwc" id="20304618007_EA" data-testid="product-title">Gerber Graduates Cheddar Lil' Crunchie</h3><p class="chakra-text css-1yftjin" data-testid="product-package-size">42 g, $8.31/100g</p></div></a><div class="css-8keand"></div></div><div class="css-1q5omjq"><div class="css-fcebb8"><div data-testid="atc-compact" class="css-y94ivq" style="width: 45px;"><button type="button" class="chakra-button css-mudsm6" data-testid="atc-button"><svg stroke="currentColor" fill="currentColor" stroke-width="0" viewBox="0 0 24 24" focusable="false" class="chakra-icon css-1g3sp7a" data-testid="btn-icon" aria-hidden="true" height="1em" width="1em" xmlns="http://www.w3.org/2000/svg"><path d="M19 13h-6v6h-2v-6H5v-2h6V5h2v6h6v2z"></path></svg><span class="css-idkz9h">Add Gerber Graduates Cheddar Lil' Crunchie to cart</span></button></div></div></div></div></div></li><li tabindex="-1" class="css-0"><div class="css-f5i5wc"><div class="chakra-linkbox css-vhnn8v"><div data-testid="product-image" class="css-16dr4ly"><img alt="Twinings Herbal Tea Goodnight Blend 50 ea, $0.14/1ea" src="https://assets.shop.loblaws.ca/products/21427851/b1/en/front/21427851_front_a01_@2.png" srcset="https://assets.shop.loblaws.ca/products/21427851/b1/en/front/21427851_front_a01_@2.png 1x, https://assets.shop.loblaws.ca/products/21427851/b1/en/front/21427851_front_a01_@2.png 2x" loading="lazy" class="chakra-image css-oguq8l" aria-hidden="true"></div><div class="css-qoklea"><div class="css-12dchmx"></div><div data-testid="price-product-tile" class="css-8atqhb"><p class="chakra-text css-0"><span class="chakra-text css-o93gbd" data-testid="sale-price"><span class="css-idkz9h">$6.99</span>$6.99</span><span class="chakra-text css-623q5h" data-testid="was-price"><span class="css-idkz9h">$9.99</span>$9.99</span></p><p class="chakra-text css-1m5a6y8" data-testid="price-descriptor">SAVE $3.00</p></div><a href="/herbal-tea-goodnight-blend/p/21427851_EA?source=nspt" class="chakra-linkbox__overlay css-1hnz6hu"><div class="css-0"><p class="chakra-text css-1ecdp9w" data-testid="product-brand">Twinings</p><h3 class="chakra-heading css-6qrhwc" id="21427851_EA" data-testid="product-title">Herbal Tea Goodnight Blend</h3><p class="chakra-text css-1yftjin" data-testid="product-package-size">50 ea, $0.14/1ea</p></div></a><div class="css-8keand"></div></div><div class="css-1q5omjq"><div class="css-fcebb8"><div data-testid="atc-compact" class="css-y94ivq" style="width: 45px;"><button type="button" class="chakra-button css-mudsm6" data-testid="atc-button"><svg stroke="currentColor" fill="currentColor" stroke-width="0" viewBox="0 0 24 24" focusable="false" class="chakra-icon css-1g3sp7a" data-testid="btn-icon" aria-hidden="true" height="1em" width="1em" xmlns="http://www.w3.org/2000/svg"><path d="M19 13h-6v6h-2v-6H5v-2h6V5h2v6h6v2z"></path></svg><span class="css-idkz9h">Add Herbal Tea Goodnight Blend to cart</span></button></div></div></div></div></div></li><li tabindex="-1" class="css-0"><div class="css-f5i5wc"><div class="chakra-linkbox css-vhnn8v"><div data-testid="product-image" class="css-16dr4ly"><img alt="Twinings 50ct Earl Grey 50 ea, $0.14/1ea" src="https://assets.shop.loblaws.ca/products/20323107/b1/en/front/20323107_front_a01_@2.png" srcset="https://assets.shop.loblaws.ca/products/20323107/b1/en/front/20323107_front_a01_@2.png 1x, https://assets.shop.loblaws.ca/products/20323107/b1/en/front/20323107_front_a01_@2.png 2x" loading="lazy" class="chakra-image css-oguq8l" aria-hidden="true"></div><div class="css-qoklea"><div class="css-12dchmx"></div><div data-testid="price-product-tile" class="css-8atqhb"><p class="chakra-text css-0"><span class="chakra-text css-o93gbd" data-testid="sale-price"><span class="css-idkz9h">$6.99</span>$6.99</span><span class="chakra-text css-623q5h" data-testid="was-price"><span class="css-idkz9h">$9.99</span>$9.99</span></p><p class="chakra-text css-1m5a6y8" data-testid="price-descriptor">SAVE $3.00</p></div><a href="/50ct-earl-grey/p/20323107_EA?source=nspt" class="chakra-linkbox__overlay css-1hnz6hu"><div class="css-0"><p class="chakra-text css-1ecdp9w" data-testid="product-brand">Twinings</p><h3 class="chakra-heading css-6qrhwc" id="20323107_EA" data-testid="product-title">50ct Earl Grey</h3><p class="chakra-text css-1yftjin" data-testid="product-package-size">50 ea, $0.14/1ea</p></div></a><div class="css-8keand"></div></div><div class="css-1q5omjq"><div class="css-fcebb8"><div data-testid="atc-compact" class="css-y94ivq" style="width: 45px;"><button type="button" class="chakra-button css-mudsm6" data-testid="atc-button"><svg stroke="currentColor" fill="currentColor" stroke-width="0" viewBox="0 0 24 24" focusable="false" class="chakra-icon css-1g3sp7a" data-testid="btn-icon" aria-hidden="true" height="1em" width="1em" xmlns="http://www.w3.org/2000/svg"><path d="M19 13h-6v6h-2v-6H5v-2h6V5h2v6h6v2z"></path></svg><span class="css-idkz9h">Add 50ct Earl Grey to cart</span></button></div></div></div></div></div></li><li tabindex="-1" class="css-0"><div class="css-f5i5wc"><div class="chakra-linkbox css-vhnn8v"><div data-testid="product-image" class="css-16dr4ly"><img alt="President's Choice Chicken General Tao 907 g, $0.99/100g" src="https://assets.shop.loblaws.ca/products/21359136/b1/en/front/21359136_front_a01_@2.png" srcset="https://assets.shop.loblaws.ca/products/21359136/b1/en/front/21359136_front_a01_@2.png 1x, https://assets.shop.loblaws.ca/products/21359136/b1/en/front/21359136_front_a01_@2.png 2x" loading="lazy" class="chakra-image css-oguq8l" aria-hidden="true"></div><div class="css-qoklea"><div class="css-12dchmx"></div><div data-testid="price-product-tile" class="css-8atqhb"><p class="chakra-text css-0"><span class="chakra-text css-pwnbcb" data-testid="regular-price"><span class="css-idkz9h">$8.99</span>$8.99</span></p></div><a href="/chicken-general-tao/p/21359136_EA?source=nspt" class="chakra-linkbox__overlay css-1hnz6hu"><div class="css-0"><p class="chakra-text css-1ecdp9w" data-testid="product-brand">President's Choice</p><h3 class="chakra-heading css-6qrhwc" id="21359136_EA" data-testid="product-title">Chicken General Tao</h3><p class="chakra-text css-1yftjin" data-testid="product-package-size">907 g, $0.99/100g</p></div></a><div class="css-8keand"></div></div><div class="css-1q5omjq"><div class="css-fcebb8"><div data-testid="atc-compact" class="css-y94ivq" style="width: 45px;"><button type="button" class="chakra-button css-mudsm6" data-testid="atc-button"><svg stroke="currentColor" fill="currentColor" stroke-width="0" viewBox="0 0 24 24" focusable="false" class="chakra-icon css-1g3sp7a" data-testid="btn-icon" aria-hidden="true" height="1em" width="1em" xmlns="http://www.w3.org/2000/svg"><path d="M19 13h-6v6h-2v-6H5v-2h6V5h2v6h6v2z"></path></svg><span class="css-idkz9h">Add Chicken General Tao to cart</span></button></div></div></div></div></div></li><li tabindex="-1" class="css-0"><div class="css-f5i5wc"><div class="chakra-linkbox css-vhnn8v"><div data-testid="product-image" class="css-16dr4ly"><img alt="President's Choice Butter Chicken 907 g, $0.99/100g" src="https://assets.shop.loblaws.ca/products/21359210/b1/en/front/21359210_front_a01_@2.png" srcset="https://assets.shop.loblaws.ca/products/21359210/b1/en/front/21359210_front_a01_@2.png 1x, https://assets.shop.loblaws.ca/products/21359210/b1/en/front/21359210_front_a01_@2.png 2x" loading="lazy" class="chakra-image css-oguq8l" aria-hidden="true"></div><div class="css-qoklea"><div class="css-12dchmx"></div><div data-testid="price-product-tile" class="css-8atqhb"><p class="chakra-text css-0"><span class="chakra-text css-o93gbd" data-testid="sale-price"><span class="css-idkz9h">$8.99</span>$8.99</span><span class="chakra-text css-623q5h" data-testid="was-price"><span class="css-idkz9h">$11.49</span>$11.49</span></p><p class="chakra-text css-1m5a6y8" data-testid="price-descriptor">SAVE $2.50</p></div><a href="/butter-chicken/p/21359210_EA?source=nspt" class="chakra-linkbox__overlay css-1hnz6hu"><div class="css-0"><p class="chakra-text css-1ecdp9w" data-testid="product-brand">President's Choice</p><h3 class="chakra-heading css-6qrhwc" id="21359210_EA" data-testid="product-title">Butter Chicken</h3><p class="chakra-text css-1yftjin" data-testid="product-package-size">907 g, $0.99/100g</p></div></a><div class="css-8keand"></div></div><div class="css-1q5omjq"><div class="css-fcebb8"><div data-testid="atc-compact" class="css-y94ivq" style="width: 45px;"><button type="button" class="chakra-button css-mudsm6" data-testid="atc-button"><svg stroke="currentColor" fill="currentColor" stroke-width="0" viewBox="0 0 24 24" focusable="false" class="chakra-icon css-1g3sp7a" data-testid="btn-icon" aria-hidden="true" height="1em" width="1em" xmlns="http://www.w3.org/2000/svg"><path d="M19 13h-6v6h-2v-6H5v-2h6V5h2v6h6v2z"></path></svg><span class="css-idkz9h">Add Butter Chicken to cart</span></button></div></div></div></div></div></li></ul></div></div><div id=":ro:" class="css-0"> </div></div><div class="chakra-container css-1yvva6b" data-testid="section"><div class="css-147ar3n"><div class="css-2imjyh"></div><div class="css-owofrc"><div class="css-1pzcvyn"><div class="css-1pzcvyn"><h2 class="chakra-heading css-1thmpx" data-testid="heading">Summer Desserts from $3.99</h2></div></div><a class="chakra-link css-jmtsim" data-testid="header-link" href="/collection/summer-insiders-value-desserts?icid=gr_disc_sir_productcarousel_2_hp" aria-label="Shop now Summer Desserts from $3.99">Shop now</a></div></div><a class="chakra-link css-14qfziv" href="#:rp:">skip Summer Desserts from $3.99</a><div class="css-10cksfv"><div class="indiana-scroll-container"><ul role="list" class="css-7i2yy7"><li tabindex="-1" class="css-0"><div class="css-f5i5wc"><div class="chakra-linkbox css-vhnn8v"><div data-testid="product-image" class="css-16dr4ly"><img alt="President's Choice Scoop Shop Birthday Cake Ice Cream  946 ml, $0.42/100ml" src="https://assets.shop.loblaws.ca/products/21575127/b1/en/front/21575127_front_a01_@2.png" srcset="https://assets.shop.loblaws.ca/products/21575127/b1/en/front/21575127_front_a01_@2.png 1x, https://assets.shop.loblaws.ca/products/21575127/b1/en/front/21575127_front_a01_@2.png 2x" loading="lazy" class="chakra-image css-oguq8l" aria-hidden="true"></div><div class="css-qoklea"><div class="css-12dchmx"><div class="chakra-badge css-34x0wr" data-testid="product-badge"><div class="css-u4p24i">New</div></div></div><div data-testid="price-product-tile" class="css-8atqhb"><p class="chakra-text css-0"><span class="chakra-text css-pwnbcb" data-testid="regular-price"><span class="css-idkz9h">$4.00</span>$4.00</span></p></div><a href="/scoop-shop-birthday-cake-ice-cream/p/21575127_EA?source=nspt" class="chakra-linkbox__overlay css-1hnz6hu"><div class="css-0"><p class="chakra-text css-1ecdp9w" data-testid="product-brand">President's Choice</p><h3 class="chakra-heading css-6qrhwc" id="21575127_EA" data-testid="product-title">Scoop Shop Birthday Cake Ice Cream </h3><p class="chakra-text css-1yftjin" data-testid="product-package-size">946 ml, $0.42/100ml</p></div></a><div class="css-8keand"></div></div><div class="css-1q5omjq"><div class="css-fcebb8"><div data-testid="atc-compact" class="css-y94ivq" style="width: 45px;"><button type="button" class="chakra-button css-mudsm6" data-testid="atc-button"><svg stroke="currentColor" fill="currentColor" stroke-width="0" viewBox="0 0 24 24" focusable="false" class="chakra-icon css-1g3sp7a" data-testid="btn-icon" aria-hidden="true" height="1em" width="1em" xmlns="http://www.w3.org/2000/svg"><path d="M19 13h-6v6h-2v-6H5v-2h6V5h2v6h6v2z"></path></svg><span class="css-idkz9h">Add Scoop Shop Birthday Cake Ice Cream  to cart</span></button></div></div></div></div></div></li><li tabindex="-1" class="css-0"><div class="css-f5i5wc"><div class="chakra-linkbox css-vhnn8v"><div data-testid="product-image" class="css-16dr4ly"><img alt="President's Choice Scoop Shop Cotton Candy Ice Cream  946 ml, $0.42/100ml" src="https://assets.shop.loblaws.ca/products/21575303/b1/en/front/21575303_front_a01_@2.png" srcset="https://assets.shop.loblaws.ca/products/21575303/b1/en/front/21575303_front_a01_@2.png 1x, https://assets.shop.loblaws.ca/products/21575303/b1/en/front/21575303_front_a01_@2.png 2x" loading="lazy" class="chakra-image css-oguq8l" aria-hidden="true"></div><div class="css-qoklea"><div class="css-12dchmx"><div class="chakra-badge css-34x0wr" data-testid="product-badge"><div class="css-u4p24i">New</div></div></div><div data-testid="price-product-tile" class="css-8atqhb"><p class="chakra-text css-0"><span class="chakra-text css-pwnbcb" data-testid="regular-price"><span class="css-idkz9h">$4.00</span>$4.00</span></p></div><a href="/scoop-shop-cotton-candy-ice-cream/p/21575303_EA?source=nspt" class="chakra-linkbox__overlay css-1hnz6hu"><div class="css-0"><p class="chakra-text css-1ecdp9w" data-testid="product-brand">President's Choice</p><h3 class="chakra-heading css-6qrhwc" id="21575303_EA" data-testid="product-title">Scoop Shop Cotton Candy Ice Cream </h3><p class="chakra-text css-1yftjin" data-testid="product-package-size">946 ml, $0.42/100ml</p></div></a><div class="css-8keand"></div></div><div class="css-1q5omjq"><div class="css-fcebb8"><div data-testid="atc-compact" class="css-y94ivq" style="width: 45px;"><button type="button" class="chakra-button css-mudsm6" data-testid="atc-button"><svg stroke="currentColor" fill="currentColor" stroke-width="0" viewBox="0 0 24 24" focusable="false" class="chakra-icon css-1g3sp7a" data-testid="btn-icon" aria-hidden="true" height="1em" width="1em" xmlns="http://www.w3.org/2000/svg"><path d="M19 13h-6v6h-2v-6H5v-2h6V5h2v6h6v2z"></path></svg><span class="css-idkz9h">Add Scoop Shop Cotton Candy Ice Cream  to cart</span></button></div></div></div></div></div></li><li tabindex="-1" class="css-0"><div class="css-f5i5wc"><div class="chakra-linkbox css-vhnn8v"><div data-testid="product-image" class="css-16dr4ly"><img alt="President's Choice Frostovers™ Apple Toffee Hand Pies 150 g, $2.67/100g" src="https://assets.shop.loblaws.ca/products/21588524/b1/en/front/21588524_front_a01_@2.png" srcset="https://assets.shop.loblaws.ca/products/21588524/b1/en/front/21588524_front_a01_@2.png 1x, https://assets.shop.loblaws.ca/products/21588524/b1/en/front/21588524_front_a01_@2.png 2x" loading="lazy" class="chakra-image css-oguq8l" aria-hidden="true"></div><div class="css-qoklea"><div class="css-12dchmx"><div class="chakra-badge css-34x0wr" data-testid="product-badge"><div class="css-u4p24i">New</div></div></div><div data-testid="price-product-tile" class="css-8atqhb"><p class="chakra-text css-0"><span class="chakra-text css-pwnbcb" data-testid="regular-price"><span class="css-idkz9h">$4.00</span>$4.00</span></p></div><a href="/frostovers-apple-toffee-hand-pies/p/21588524_EA?source=nspt" class="chakra-linkbox__overlay css-1hnz6hu"><div class="css-0"><p class="chakra-text css-1ecdp9w" data-testid="product-brand">President's Choice</p><h3 class="chakra-heading css-6qrhwc" id="21588524_EA" data-testid="product-title">Frostovers™ Apple Toffee Hand Pies</h3><p class="chakra-text css-1yftjin" data-testid="product-package-size">150 g, $2.67/100g</p></div></a><div class="css-8keand"></div></div><div class="css-1q5omjq"><div class="css-fcebb8"><div data-testid="atc-compact" class="css-y94ivq" style="width: 45px;"><button type="button" class="chakra-button css-mudsm6" data-testid="atc-button"><svg stroke="currentColor" fill="currentColor" stroke-width="0" viewBox="0 0 24 24" focusable="false" class="chakra-icon css-1g3sp7a" data-testid="btn-icon" aria-hidden="true" height="1em" width="1em" xmlns="http://www.w3.org/2000/svg"><path d="M19 13h-6v6h-2v-6H5v-2h6V5h2v6h6v2z"></path></svg><span class="css-idkz9h">Add Frostovers™ Apple Toffee Hand Pies to cart</span></button></div></div></div></div></div></li><li tabindex="-1" class="css-0"><div class="css-f5i5wc"><div class="chakra-linkbox css-vhnn8v"><div data-testid="product-image" class="css-16dr4ly"><img alt="President's Choice Frostovers™ Double Chocolate Hand Pies 150 g, $2.67/100g" src="https://assets.shop.loblaws.ca/products/21588459/b1/en/front/21588459_front_a01_@2.png" srcset="https://assets.shop.loblaws.ca/products/21588459/b1/en/front/21588459_front_a01_@2.png 1x, https://assets.shop.loblaws.ca/products/21588459/b1/en/front/21588459_front_a01_@2.png 2x" loading="lazy" class="chakra-image css-oguq8l" aria-hidden="true"></div><div class="css-qoklea"><div class="css-12dchmx"><div class="chakra-badge css-34x0wr" data-testid="product-badge"><div class="css-u4p24i">New</div></div></div><div data-testid="price-product-tile" class="css-8atqhb"><p class="chakra-text css-0"><span class="chakra-text css-pwnbcb" data-testid="regular-price"><span class="css-idkz9h">$4.00</span>$4.00</span></p></div><a href="/frostovers-double-chocolate-hand-pies/p/21588459_EA?source=nspt" class="chakra-linkbox__overlay css-1hnz6hu"><div class="css-0"><p class="chakra-text css-1ecdp9w" data-testid="product-brand">President's Choice</p><h3 class="chakra-heading css-6qrhwc" id="21588459_EA" data-testid="product-title">Frostovers™ Double Chocolate Hand Pies</h3><p class="chakra-text css-1yftjin" data-testid="product-package-size">150 g, $2.67/100g</p></div></a><div class="css-8keand"></div></div><div class="css-1q5omjq"><div class="css-fcebb8"><div data-testid="atc-compact" class="css-y94ivq" style="width: 45px;"><button type="button" class="chakra-button css-mudsm6" data-testid="atc-button"><svg stroke="currentColor" fill="currentColor" stroke-width="0" viewBox="0 0 24 24" focusable="false" class="chakra-icon css-1g3sp7a" data-testid="btn-icon" aria-hidden="true" height="1em" width="1em" xmlns="http://www.w3.org/2000/svg"><path d="M19 13h-6v6h-2v-6H5v-2h6V5h2v6h6v2z"></path></svg><span class="css-idkz9h">Add Frostovers™ Double Chocolate Hand Pies to cart</span></button></div></div></div></div></div></li><li tabindex="-1" class="css-0"><div class="css-f5i5wc"><div class="chakra-linkbox css-vhnn8v"><div data-testid="product-image" class="css-16dr4ly"><img alt="President's Choice Frostovers™ Lemon Blueberry Hand Pies 150 g, $2.67/100g" src="https://assets.shop.loblaws.ca/products/21588644/b1/en/front/21588644_front_a01_@2.png" srcset="https://assets.shop.loblaws.ca/products/21588644/b1/en/front/21588644_front_a01_@2.png 1x, https://assets.shop.loblaws.ca/products/21588644/b1/en/front/21588644_front_a01_@2.png 2x" loading="lazy" class="chakra-image css-oguq8l" aria-hidden="true"></div><div class="css-qoklea"><div class="css-12dchmx"><div class="chakra-badge css-34x0wr" data-testid="product-badge"><div class="css-u4p24i">New</div></div></div><div data-testid="price-product-tile" class="css-8atqhb"><p class="chakra-text css-0"><span class="chakra-text css-pwnbcb" data-testid="regular-price"><span class="css-idkz9h">$4.00</span>$4.00</span></p></div><a href="/frostovers-lemon-blueberry-hand-pies/p/21588644_EA?source=nspt" class="chakra-linkbox__overlay css-1hnz6hu"><div class="css-0"><p class="chakra-text css-1ecdp9w" data-testid="product-brand">President's Choice</p><h3 class="chakra-heading css-6qrhwc" id="21588644_EA" data-testid="product-title">Frostovers™ Lemon Blueberry Hand Pies</h3><p class="chakra-text css-1yftjin" data-testid="product-package-size">150 g, $2.67/100g</p></div></a><div class="css-8keand"></div></div><div class="css-1q5omjq"><div class="css-fcebb8"><div data-testid="atc-compact" class="css-y94ivq" style="width: 45px;"><button type="button" class="chakra-button css-mudsm6" data-testid="atc-button"><svg stroke="currentColor" fill="currentColor" stroke-width="0" viewBox="0 0 24 24" focusable="false" class="chakra-icon css-1g3sp7a" data-testid="btn-icon" aria-hidden="true" height="1em" width="1em" xmlns="http://www.w3.org/2000/svg"><path d="M19 13h-6v6h-2v-6H5v-2h6V5h2v6h6v2z"></path></svg><span class="css-idkz9h">Add Frostovers™ Lemon Blueberry Hand Pies to cart</span></button></div></div></div></div></div></li><li tabindex="-1" class="css-0"><div class="css-f5i5wc"><div class="chakra-linkbox css-vhnn8v"><div data-testid="product-image" class="css-16dr4ly"><img alt="PC Black Label Coffee Ice Cream 500 ml, $0.80/100ml" src="https://assets.shop.loblaws.ca/products/21578921/b1/en/front/21578921_front_a01_@2.png" srcset="https://assets.shop.loblaws.ca/products/21578921/b1/en/front/21578921_front_a01_@2.png 1x, https://assets.shop.loblaws.ca/products/21578921/b1/en/front/21578921_front_a01_@2.png 2x" loading="lazy" class="chakra-image css-oguq8l" aria-hidden="true"></div><div class="css-qoklea"><div class="css-12dchmx"><div class="chakra-badge css-34x0wr" data-testid="product-badge"><div class="css-u4p24i">New</div></div></div><div data-testid="price-product-tile" class="css-8atqhb"><p class="chakra-text css-0"><span class="chakra-text css-pwnbcb" data-testid="regular-price"><span class="css-idkz9h">$4.00</span>$4.00</span></p></div><a href="/coffee-ice-cream/p/21578921_EA?source=nspt" class="chakra-linkbox__overlay css-1hnz6hu"><div class="css-0"><p class="chakra-text css-1ecdp9w" data-testid="product-brand">PC Black Label</p><h3 class="chakra-heading css-6qrhwc" id="21578921_EA" data-testid="product-title">Coffee Ice Cream</h3><p class="chakra-text css-1yftjin" data-testid="product-package-size">500 ml, $0.80/100ml</p></div></a><div class="css-8keand"></div></div><div class="css-1q5omjq"><div class="css-fcebb8"><div data-testid="atc-compact" class="css-y94ivq" style="width: 45px;"><button type="button" class="chakra-button css-mudsm6" data-testid="atc-button"><svg stroke="currentColor" fill="currentColor" stroke-width="0" viewBox="0 0 24 24" focusable="false" class="chakra-icon css-1g3sp7a" data-testid="btn-icon" aria-hidden="true" height="1em" width="1em" xmlns="http://www.w3.org/2000/svg"><path d="M19 13h-6v6h-2v-6H5v-2h6V5h2v6h6v2z"></path></svg><span class="css-idkz9h">Add Coffee Ice Cream to cart</span></button></div></div></div></div></div></li><li tabindex="-1" class="css-0"><div class="css-f5i5wc"><div class="chakra-linkbox css-vhnn8v"><div data-testid="product-image" class="css-16dr4ly"><img alt="President's Choice Sugar Cones  142 g, $2.11/100g" src="https://assets.shop.loblaws.ca/products/20340143/b1/en/front/20340143_front_a01_@2.png" srcset="https://assets.shop.loblaws.ca/products/20340143/b1/en/front/20340143_front_a01_@2.png 1x, https://assets.shop.loblaws.ca/products/20340143/b1/en/front/20340143_front_a01_@2.png 2x" loading="lazy" class="chakra-image css-oguq8l" aria-hidden="true"></div><div class="css-qoklea"><div class="css-12dchmx"></div><div data-testid="price-product-tile" class="css-8atqhb"><p class="chakra-text css-0"><span class="chakra-text css-pwnbcb" data-testid="regular-price"><span class="css-idkz9h">$3.00</span>$3.00</span></p></div><a href="/sugar-cones/p/20340143_EA?source=nspt" class="chakra-linkbox__overlay css-1hnz6hu"><div class="css-0"><p class="chakra-text css-1ecdp9w" data-testid="product-brand">President's Choice</p><h3 class="chakra-heading css-6qrhwc" id="20340143_EA" data-testid="product-title">Sugar Cones </h3><p class="chakra-text css-1yftjin" data-testid="product-package-size">142 g, $2.11/100g</p></div></a><div class="css-8keand"></div></div><div class="css-1q5omjq"><div class="css-fcebb8"><div data-testid="atc-compact" class="css-y94ivq" style="width: 45px;"><button type="button" class="chakra-button css-mudsm6" data-testid="atc-button"><svg stroke="currentColor" fill="currentColor" stroke-width="0" viewBox="0 0 24 24" focusable="false" class="chakra-icon css-1g3sp7a" data-testid="btn-icon" aria-hidden="true" height="1em" width="1em" xmlns="http://www.w3.org/2000/svg"><path d="M19 13h-6v6h-2v-6H5v-2h6V5h2v6h6v2z"></path></svg><span class="css-idkz9h">Add Sugar Cones  to cart</span></button></div></div></div></div></div></li><li tabindex="-1" class="css-0"><div class="css-f5i5wc"><div class="chakra-linkbox css-vhnn8v"><div data-testid="product-image" class="css-16dr4ly"><img alt="President's Choice Meringue Nests  96 g, $4.17/100g" src="https://assets.shop.loblaws.ca/products/21572454/b1/en/front/21572454_front_a01_@2.png" srcset="https://assets.shop.loblaws.ca/products/21572454/b1/en/front/21572454_front_a01_@2.png 1x, https://assets.shop.loblaws.ca/products/21572454/b1/en/front/21572454_front_a01_@2.png 2x" loading="lazy" class="chakra-image css-oguq8l" aria-hidden="true"></div><div class="css-qoklea"><div class="css-12dchmx"></div><div data-testid="price-product-tile" class="css-8atqhb"><p class="chakra-text css-0"><span class="chakra-text css-o93gbd" data-testid="sale-price"><span class="css-idkz9h">$4.00</span>$4.00</span><span class="chakra-text css-623q5h" data-testid="was-price"><span class="css-idkz9h">$5.00</span>$5.00</span></p><p class="chakra-text css-1m5a6y8" data-testid="price-descriptor">SAVE $1.00</p></div><a href="/meringue-nests/p/21572454_EA?source=nspt" class="chakra-linkbox__overlay css-1hnz6hu"><div class="css-0"><p class="chakra-text css-1ecdp9w" data-testid="product-brand">President's Choice</p><h3 class="chakra-heading css-6qrhwc" id="21572454_EA" data-testid="product-title">Meringue Nests </h3><p class="chakra-text css-1yftjin" data-testid="product-package-size">96 g, $4.17/100g</p></div></a><div class="css-8keand"></div></div><div class="css-1q5omjq"><div class="css-fcebb8"><div data-testid="atc-compact" class="css-y94ivq" style="width: 45px;"><button disabled="" type="button" class="chakra-button css-mudsm6" data-testid="atc-button"><svg stroke="currentColor" fill="currentColor" stroke-width="0" viewBox="0 0 24 24" focusable="false" class="chakra-icon css-1g3sp7a" data-testid="btn-icon" aria-hidden="true" height="1em" width="1em" xmlns="http://www.w3.org/2000/svg"><path d="M19 13h-6v6h-2v-6H5v-2h6V5h2v6h6v2z"></path></svg><span class="css-idkz9h">Add Meringue Nests  to cart</span></button></div></div><div class="css-4saf4a"><p class="chakra-text css-py8788" data-testid="inventory-badge-text">Out of Stock</p></div></div></div></div></li><li tabindex="-1" class="css-0"><div class="css-f5i5wc"><div class="chakra-linkbox css-vhnn8v"><div data-testid="product-image" class="css-16dr4ly"><img alt="President's Choice Milk Chocolate Concreto Biscuits  240 g, $1.37/100g" src="https://assets.shop.loblaws.ca/products/20973036/b1/en/front/20973036_front_a01_@2.png" srcset="https://assets.shop.loblaws.ca/products/20973036/b1/en/front/20973036_front_a01_@2.png 1x, https://assets.shop.loblaws.ca/products/20973036/b1/en/front/20973036_front_a01_@2.png 2x" loading="lazy" class="chakra-image css-oguq8l" aria-hidden="true"></div><div class="css-qoklea"><div class="css-12dchmx"></div><div data-testid="price-product-tile" class="css-8atqhb"><p class="chakra-text css-0"><span class="chakra-text css-pwnbcb" data-testid="regular-price"><span class="css-idkz9h">$3.29</span>$3.29</span></p></div><a href="/milk-chocolate-concreto-biscuits/p/20973036_EA?source=nspt" class="chakra-linkbox__overlay css-1hnz6hu"><div class="css-0"><p class="chakra-text css-1ecdp9w" data-testid="product-brand">President's Choice</p><h3 class="chakra-heading css-6qrhwc" id="20973036_EA" data-testid="product-title">Milk Chocolate Concreto Biscuits </h3><p class="chakra-text css-1yftjin" data-testid="product-package-size">240 g, $1.37/100g</p></div></a><div class="css-8keand"></div></div><div class="css-1q5omjq"><div class="css-fcebb8"><div data-testid="atc-compact" class="css-y94ivq" style="width: 45px;"><button disabled="" type="button" class="chakra-button css-mudsm6" data-testid="atc-button"><svg stroke="currentColor" fill="currentColor" stroke-width="0" viewBox="0 0 24 24" focusable="false" class="chakra-icon css-1g3sp7a" data-testid="btn-icon" aria-hidden="true" height="1em" width="1em" xmlns="http://www.w3.org/2000/svg"><path d="M19 13h-6v6h-2v-6H5v-2h6V5h2v6h6v2z"></path></svg><span class="css-idkz9h">Add Milk Chocolate Concreto Biscuits  to cart</span></button></div></div><div class="css-4saf4a"><p class="chakra-text css-py8788" data-testid="inventory-badge-text">Out of Stock</p></div></div></div></div></li><li tabindex="-1" class="css-0"><div class="css-f5i5wc"><div class="chakra-linkbox css-vhnn8v"><div data-testid="product-image" class="css-16dr4ly"><img alt="President's Choice Dark Chocolate Concerto Biscuits 240 g, $1.37/100g" src="https://assets.shop.loblaws.ca/products/20971821/b1/en/front/20971821_front_a01_@2.png" srcset="https://assets.shop.loblaws.ca/products/20971821/b1/en/front/20971821_front_a01_@2.png 1x, https://assets.shop.loblaws.ca/products/20971821/b1/en/front/20971821_front_a01_@2.png 2x" loading="lazy" class="chakra-image css-oguq8l" aria-hidden="true"></div><div class="css-qoklea"><div class="css-12dchmx"></div><div data-testid="price-product-tile" class="css-8atqhb"><p class="chakra-text css-0"><span class="chakra-text css-pwnbcb" data-testid="regular-price"><span class="css-idkz9h">$3.29</span>$3.29</span></p></div><a href="/dark-chocolate-concerto-biscuits/p/20971821_EA?source=nspt" class="chakra-linkbox__overlay css-1hnz6hu"><div class="css-0"><p class="chakra-text css-1ecdp9w" data-testid="product-brand">President's Choice</p><h3 class="chakra-heading css-6qrhwc" id="20971821_EA" data-testid="product-title">Dark Chocolate Concerto Biscuits</h3><p class="chakra-text css-1yftjin" data-testid="product-package-size">240 g, $1.37/100g</p></div></a><div class="css-8keand"></div></div><div class="css-1q5omjq"><div class="css-fcebb8"><div data-testid="atc-compact" class="css-y94ivq" style="width: 45px;"><button type="button" class="chakra-button css-mudsm6" data-testid="atc-button"><svg stroke="currentColor" fill="currentColor" stroke-width="0" viewBox="0 0 24 24" focusable="false" class="chakra-icon css-1g3sp7a" data-testid="btn-icon" aria-hidden="true" height="1em" width="1em" xmlns="http://www.w3.org/2000/svg"><path d="M19 13h-6v6h-2v-6H5v-2h6V5h2v6h6v2z"></path></svg><span class="css-idkz9h">Add Dark Chocolate Concerto Biscuits to cart</span></button></div></div></div></div></div></li><li tabindex="-1" class="css-0"><div class="css-f5i5wc"><div class="chakra-linkbox css-vhnn8v"><div data-testid="product-image" class="css-16dr4ly"><img alt="President's Choice Maple Flavour Marshmallows 400 g, $0.82/100g" src="https://assets.shop.loblaws.ca/products/21008975/b1/en/front/21008975_front_a01_@2.png" srcset="https://assets.shop.loblaws.ca/products/21008975/b1/en/front/21008975_front_a01_@2.png 1x, https://assets.shop.loblaws.ca/products/21008975/b1/en/front/21008975_front_a01_@2.png 2x" loading="lazy" class="chakra-image css-oguq8l" aria-hidden="true"></div><div class="css-qoklea"><div class="css-12dchmx"></div><div data-testid="price-product-tile" class="css-8atqhb"><p class="chakra-text css-0"><span class="chakra-text css-pwnbcb" data-testid="regular-price"><span class="css-idkz9h">$3.29</span>$3.29</span></p></div><a href="/maple-flavour-marshmallows/p/21008975_EA?source=nspt" class="chakra-linkbox__overlay css-1hnz6hu"><div class="css-0"><p class="chakra-text css-1ecdp9w" data-testid="product-brand">President's Choice</p><h3 class="chakra-heading css-6qrhwc" id="21008975_EA" data-testid="product-title">Maple Flavour Marshmallows</h3><p class="chakra-text css-1yftjin" data-testid="product-package-size">400 g, $0.82/100g</p></div></a><div class="css-8keand"></div></div><div class="css-1q5omjq"><div class="css-fcebb8"><div data-testid="atc-compact" class="css-y94ivq" style="width: 45px;"><button disabled="" type="button" class="chakra-button css-mudsm6" data-testid="atc-button"><svg stroke="currentColor" fill="currentColor" stroke-width="0" viewBox="0 0 24 24" focusable="false" class="chakra-icon css-1g3sp7a" data-testid="btn-icon" aria-hidden="true" height="1em" width="1em" xmlns="http://www.w3.org/2000/svg"><path d="M19 13h-6v6h-2v-6H5v-2h6V5h2v6h6v2z"></path></svg><span class="css-idkz9h">Add Maple Flavour Marshmallows to cart</span></button></div></div><div class="css-4saf4a"><p class="chakra-text css-py8788" data-testid="inventory-badge-text">Out of Stock</p></div></div></div></div></li><li tabindex="-1" class="css-0"><div class="css-f5i5wc"><div class="chakra-linkbox css-vhnn8v"><div data-testid="product-image" class="css-16dr4ly"><img alt="President's Choice Mini Key Lime Pies 243.8 g, $1.64/100g" src="https://assets.shop.loblaws.ca/products/20823700/b1/en/front/20823700_front_a01_@2.png" srcset="https://assets.shop.loblaws.ca/products/20823700/b1/en/front/20823700_front_a01_@2.png 1x, https://assets.shop.loblaws.ca/products/20823700/b1/en/front/20823700_front_a01_@2.png 2x" loading="lazy" class="chakra-image css-oguq8l" aria-hidden="true"></div><div class="css-qoklea"><div class="css-12dchmx"></div><div data-testid="price-product-tile" class="css-8atqhb"><p class="chakra-text css-0"><span class="chakra-text css-o93gbd" data-testid="sale-price"><span class="css-idkz9h">$3.99</span>$3.99</span><span class="chakra-text css-623q5h" data-testid="was-price"><span class="css-idkz9h">$4.49</span>$4.49</span></p><p class="chakra-text css-1m5a6y8" data-testid="price-descriptor">SAVE $0.50</p></div><a href="/mini-key-lime-pies/p/20823700_EA?source=nspt" class="chakra-linkbox__overlay css-1hnz6hu"><div class="css-0"><p class="chakra-text css-1ecdp9w" data-testid="product-brand">President's Choice</p><h3 class="chakra-heading css-6qrhwc" id="20823700_EA" data-testid="product-title">Mini Key Lime Pies</h3><p class="chakra-text css-1yftjin" data-testid="product-package-size">243.8 g, $1.64/100g</p></div></a><div class="css-8keand"></div></div><div class="css-1q5omjq"><div class="css-fcebb8"><div data-testid="atc-compact" class="css-y94ivq" style="width: 45px;"><button disabled="" type="button" class="chakra-button css-mudsm6" data-testid="atc-button"><svg stroke="currentColor" fill="currentColor" stroke-width="0" viewBox="0 0 24 24" focusable="false" class="chakra-icon css-1g3sp7a" data-testid="btn-icon" aria-hidden="true" height="1em" width="1em" xmlns="http://www.w3.org/2000/svg"><path d="M19 13h-6v6h-2v-6H5v-2h6V5h2v6h6v2z"></path></svg><span class="css-idkz9h">Add Mini Key Lime Pies to cart</span></button></div></div><div class="css-4saf4a"><p class="chakra-text css-py8788" data-testid="inventory-badge-text">Out of Stock</p></div></div></div></div></li><li tabindex="-1" class="css-0"><div class="css-f5i5wc"><div class="chakra-linkbox css-vhnn8v"><div data-testid="product-image" class="css-16dr4ly"><img alt="President's Choice Scoop Shop Mint Chocolate Ice Cream 946 ml, $0.42/100ml" src="https://assets.shop.loblaws.ca/products/20299983005/b1/en/front/20299983005_front_a01_@2.png" srcset="https://assets.shop.loblaws.ca/products/20299983005/b1/en/front/20299983005_front_a01_@2.png 1x, https://assets.shop.loblaws.ca/products/20299983005/b1/en/front/20299983005_front_a01_@2.png 2x" loading="lazy" class="chakra-image css-oguq8l" aria-hidden="true"></div><div class="css-qoklea"><div class="css-12dchmx"></div><div data-testid="price-product-tile" class="css-8atqhb"><p class="chakra-text css-0"><span class="chakra-text css-pwnbcb" data-testid="regular-price"><span class="css-idkz9h">$4.00</span>$4.00</span></p></div><a href="/scoop-shop-mint-chocolate-ice-cream/p/20299983005_EA?source=nspt" class="chakra-linkbox__overlay css-1hnz6hu"><div class="css-0"><p class="chakra-text css-1ecdp9w" data-testid="product-brand">President's Choice</p><h3 class="chakra-heading css-6qrhwc" id="20299983005_EA" data-testid="product-title">Scoop Shop Mint Chocolate Ice Cream</h3><p class="chakra-text css-1yftjin" data-testid="product-package-size">946 ml, $0.42/100ml</p></div></a><div class="css-8keand"></div></div><div class="css-1q5omjq"><div class="css-fcebb8"><div data-testid="atc-compact" class="css-y94ivq" style="width: 45px;"><button type="button" class="chakra-button css-mudsm6" data-testid="atc-button"><svg stroke="currentColor" fill="currentColor" stroke-width="0" viewBox="0 0 24 24" focusable="false" class="chakra-icon css-1g3sp7a" data-testid="btn-icon" aria-hidden="true" height="1em" width="1em" xmlns="http://www.w3.org/2000/svg"><path d="M19 13h-6v6h-2v-6H5v-2h6V5h2v6h6v2z"></path></svg><span class="css-idkz9h">Add Scoop Shop Mint Chocolate Ice Cream to cart</span></button></div></div><div class="css-4saf4a"><p class="chakra-text css-py8788" data-testid="inventory-badge-text">Low Stock</p></div></div></div></div></li><li tabindex="-1" class="css-0"><div class="css-f5i5wc"><div class="chakra-linkbox css-vhnn8v"><div data-testid="product-image" class="css-16dr4ly"><img alt="President's Choice Milk Chocolate Crêpes 100 g, $2.99/100g" src="https://assets.shop.loblaws.ca/products/21030511/b1/en/front/21030511_front_a01_@2.png" srcset="https://assets.shop.loblaws.ca/products/21030511/b1/en/front/21030511_front_a01_@2.png 1x, https://assets.shop.loblaws.ca/products/21030511/b1/en/front/21030511_front_a01_@2.png 2x" loading="lazy" class="chakra-image css-oguq8l" aria-hidden="true"></div><div class="css-qoklea"><div class="css-12dchmx"></div><div data-testid="price-product-tile" class="css-8atqhb"><p class="chakra-text css-0"><span class="chakra-text css-pwnbcb" data-testid="regular-price"><span class="css-idkz9h">$2.99</span>$2.99</span></p></div><a href="/milk-chocolate-cr-pes/p/21030511_EA?source=nspt" class="chakra-linkbox__overlay css-1hnz6hu"><div class="css-0"><p class="chakra-text css-1ecdp9w" data-testid="product-brand">President's Choice</p><h3 class="chakra-heading css-6qrhwc" id="21030511_EA" data-testid="product-title">Milk Chocolate Crêpes</h3><p class="chakra-text css-1yftjin" data-testid="product-package-size">100 g, $2.99/100g</p></div></a><div class="css-8keand"></div></div><div class="css-1q5omjq"><div class="css-fcebb8"><div data-testid="atc-compact" class="css-y94ivq" style="width: 45px;"><button type="button" class="chakra-button css-mudsm6" data-testid="atc-button"><svg stroke="currentColor" fill="currentColor" stroke-width="0" viewBox="0 0 24 24" focusable="false" class="chakra-icon css-1g3sp7a" data-testid="btn-icon" aria-hidden="true" height="1em" width="1em" xmlns="http://www.w3.org/2000/svg"><path d="M19 13h-6v6h-2v-6H5v-2h6V5h2v6h6v2z"></path></svg><span class="css-idkz9h">Add Milk Chocolate Crêpes to cart</span></button></div></div></div></div></div></li><li tabindex="-1" class="css-0"><div class="css-f5i5wc"><div class="chakra-linkbox css-vhnn8v"><div data-testid="product-image" class="css-16dr4ly"><img alt="President's Choice Loads of Gummies &amp; Candies Milk Chocolate Dessert Bar 100 g, $3.50/100g" src="https://assets.shop.loblaws.ca/products/21459636/b1/en/front/21459636_front_a01_@2.png" srcset="https://assets.shop.loblaws.ca/products/21459636/b1/en/front/21459636_front_a01_@2.png 1x, https://assets.shop.loblaws.ca/products/21459636/b1/en/front/21459636_front_a01_@2.png 2x" loading="lazy" class="chakra-image css-oguq8l" aria-hidden="true"></div><div class="css-qoklea"><div class="css-12dchmx"></div><div data-testid="price-product-tile" class="css-8atqhb"><p class="chakra-text css-0"><span class="chakra-text css-pwnbcb" data-testid="regular-price"><span class="css-idkz9h">$3.50</span>$3.50</span></p></div><a href="/loads-of-gummies-candies-milk-chocolate-dessert-ba/p/21459636_EA?source=nspt" class="chakra-linkbox__overlay css-1hnz6hu"><div class="css-0"><p class="chakra-text css-1ecdp9w" data-testid="product-brand">President's Choice</p><h3 class="chakra-heading css-6qrhwc" id="21459636_EA" data-testid="product-title">Loads of Gummies &amp; Candies Milk Chocolate Dessert Bar</h3><p class="chakra-text css-1yftjin" data-testid="product-package-size">100 g, $3.50/100g</p></div></a><div class="css-8keand"></div></div><div class="css-1q5omjq"><div class="css-fcebb8"><div data-testid="atc-compact" class="css-y94ivq" style="width: 45px;"><button type="button" class="chakra-button css-mudsm6" data-testid="atc-button"><svg stroke="currentColor" fill="currentColor" stroke-width="0" viewBox="0 0 24 24" focusable="false" class="chakra-icon css-1g3sp7a" data-testid="btn-icon" aria-hidden="true" height="1em" width="1em" xmlns="http://www.w3.org/2000/svg"><path d="M19 13h-6v6h-2v-6H5v-2h6V5h2v6h6v2z"></path></svg><span class="css-idkz9h">Add Loads of Gummies &amp; Candies Milk Chocolate Dessert Bar to cart</span></button></div></div></div></div></div></li><li tabindex="-1" class="css-0"><div class="css-f5i5wc"><div class="chakra-linkbox css-vhnn8v"><div data-testid="product-image" class="css-16dr4ly"><img alt="President's Choice Loads of Movie Night Milk Chocolate Dessert Bar 100 g, $3.50/100g" src="https://assets.shop.loblaws.ca/products/21459513/b1/en/front/21459513_front_a01_@2.png" srcset="https://assets.shop.loblaws.ca/products/21459513/b1/en/front/21459513_front_a01_@2.png 1x, https://assets.shop.loblaws.ca/products/21459513/b1/en/front/21459513_front_a01_@2.png 2x" loading="lazy" class="chakra-image css-oguq8l" aria-hidden="true"></div><div class="css-qoklea"><div class="css-12dchmx"></div><div data-testid="price-product-tile" class="css-8atqhb"><p class="chakra-text css-0"><span class="chakra-text css-pwnbcb" data-testid="regular-price"><span class="css-idkz9h">$3.50</span>$3.50</span></p></div><a href="/loads-of-movie-night-milk-chocolate-dessert-bar/p/21459513_EA?source=nspt" class="chakra-linkbox__overlay css-1hnz6hu"><div class="css-0"><p class="chakra-text css-1ecdp9w" data-testid="product-brand">President's Choice</p><h3 class="chakra-heading css-6qrhwc" id="21459513_EA" data-testid="product-title">Loads of Movie Night Milk Chocolate Dessert Bar</h3><p class="chakra-text css-1yftjin" data-testid="product-package-size">100 g, $3.50/100g</p></div></a><div class="css-8keand"></div></div><div class="css-1q5omjq"><div class="css-fcebb8"><div data-testid="atc-compact" class="css-y94ivq" style="width: 45px;"><button disabled="" type="button" class="chakra-button css-mudsm6" data-testid="atc-button"><svg stroke="currentColor" fill="currentColor" stroke-width="0" viewBox="0 0 24 24" focusable="false" class="chakra-icon css-1g3sp7a" data-testid="btn-icon" aria-hidden="true" height="1em" width="1em" xmlns="http://www.w3.org/2000/svg"><path d="M19 13h-6v6h-2v-6H5v-2h6V5h2v6h6v2z"></path></svg><span class="css-idkz9h">Add Loads of Movie Night Milk Chocolate Dessert Bar to cart</span></button></div></div><div class="css-4saf4a"><p class="chakra-text css-py8788" data-testid="inventory-badge-text">Out of Stock</p></div></div></div></div></li><li tabindex="-1" class="css-0"><div class="css-f5i5wc"><div class="chakra-linkbox css-vhnn8v"><div data-testid="product-image" class="css-16dr4ly"><img alt="President's Choice Mango Chunks  600 g, $0.92/100g" src="https://assets.shop.loblaws.ca/products/20296356/b1/en/front/20296356_front_a01_@2.png" srcset="https://assets.shop.loblaws.ca/products/20296356/b1/en/front/20296356_front_a01_@2.png 1x, https://assets.shop.loblaws.ca/products/20296356/b1/en/front/20296356_front_a01_@2.png 2x" loading="lazy" class="chakra-image css-oguq8l" aria-hidden="true"></div><div class="css-qoklea"><div class="css-12dchmx"></div><div data-testid="price-product-tile" class="css-8atqhb"><p class="chakra-text css-0"><span class="chakra-text css-pwnbcb" data-testid="regular-price"><span class="css-idkz9h">$5.49</span>$5.49</span></p></div><a href="/mango-chunks/p/20296356_EA?source=nspt" class="chakra-linkbox__overlay css-1hnz6hu"><div class="css-0"><p class="chakra-text css-1ecdp9w" data-testid="product-brand">President's Choice</p><h3 class="chakra-heading css-6qrhwc" id="20296356_EA" data-testid="product-title">Mango Chunks </h3><p class="chakra-text css-1yftjin" data-testid="product-package-size">600 g, $0.92/100g</p></div></a><div class="css-8keand"></div></div><div class="css-1q5omjq"><div class="css-fcebb8"><div data-testid="atc-compact" class="css-y94ivq" style="width: 45px;"><button type="button" class="chakra-button css-mudsm6" data-testid="atc-button"><svg stroke="currentColor" fill="currentColor" stroke-width="0" viewBox="0 0 24 24" focusable="false" class="chakra-icon css-1g3sp7a" data-testid="btn-icon" aria-hidden="true" height="1em" width="1em" xmlns="http://www.w3.org/2000/svg"><path d="M19 13h-6v6h-2v-6H5v-2h6V5h2v6h6v2z"></path></svg><span class="css-idkz9h">Add Mango Chunks  to cart</span></button></div></div></div></div></div></li><li tabindex="-1" class="css-0"><div class="css-f5i5wc"><div class="chakra-linkbox css-vhnn8v"><div data-testid="product-image" class="css-16dr4ly"><img alt="President's Choice Liquorice Allsorts Candy 200 g, $1.65/100g" src="https://assets.shop.loblaws.ca/products/20878994/b1/en/front/20878994_front_a01_@2.png" srcset="https://assets.shop.loblaws.ca/products/20878994/b1/en/front/20878994_front_a01_@2.png 1x, https://assets.shop.loblaws.ca/products/20878994/b1/en/front/20878994_front_a01_@2.png 2x" loading="lazy" class="chakra-image css-oguq8l" aria-hidden="true"></div><div class="css-qoklea"><div class="css-12dchmx"></div><div data-testid="price-product-tile" class="css-8atqhb"><p class="chakra-text css-0"><span class="chakra-text css-pwnbcb" data-testid="regular-price"><span class="css-idkz9h">$3.29</span>$3.29</span></p></div><a href="/liquorice-allsorts-candy/p/20878994_EA?source=nspt" class="chakra-linkbox__overlay css-1hnz6hu"><div class="css-0"><p class="chakra-text css-1ecdp9w" data-testid="product-brand">President's Choice</p><h3 class="chakra-heading css-6qrhwc" id="20878994_EA" data-testid="product-title">Liquorice Allsorts Candy</h3><p class="chakra-text css-1yftjin" data-testid="product-package-size">200 g, $1.65/100g</p></div></a><div class="css-8keand"></div></div><div class="css-1q5omjq"><div class="css-fcebb8"><div data-testid="atc-compact" class="css-y94ivq" style="width: 45px;"><button disabled="" type="button" class="chakra-button css-mudsm6" data-testid="atc-button"><svg stroke="currentColor" fill="currentColor" stroke-width="0" viewBox="0 0 24 24" focusable="false" class="chakra-icon css-1g3sp7a" data-testid="btn-icon" aria-hidden="true" height="1em" width="1em" xmlns="http://www.w3.org/2000/svg"><path d="M19 13h-6v6h-2v-6H5v-2h6V5h2v6h6v2z"></path></svg><span class="css-idkz9h">Add Liquorice Allsorts Candy to cart</span></button></div></div><div class="css-4saf4a"><p class="chakra-text css-py8788" data-testid="inventory-badge-text">Out of Stock</p></div></div></div></div></li><li tabindex="-1" class="css-0"><div class="css-f5i5wc"><div class="chakra-linkbox css-vhnn8v"><div data-testid="product-image" class="css-16dr4ly"><img alt="President's Choice Peaches, Strawberries, Pineapple &amp; Mango 4-Fruit Blend 600 g, $0.92/100g" src="https://assets.shop.loblaws.ca/products/20612667/b1/en/front/20612667_front_a01_@2.png" srcset="https://assets.shop.loblaws.ca/products/20612667/b1/en/front/20612667_front_a01_@2.png 1x, https://assets.shop.loblaws.ca/products/20612667/b1/en/front/20612667_front_a01_@2.png 2x" loading="lazy" class="chakra-image css-oguq8l" aria-hidden="true"></div><div class="css-qoklea"><div class="css-12dchmx"></div><div data-testid="price-product-tile" class="css-8atqhb"><p class="chakra-text css-0"><span class="chakra-text css-pwnbcb" data-testid="regular-price"><span class="css-idkz9h">$5.49</span>$5.49</span></p></div><a href="/peaches-strawberries-pineapple-mango-4-fruit-blend/p/20612667_EA?source=nspt" class="chakra-linkbox__overlay css-1hnz6hu"><div class="css-0"><p class="chakra-text css-1ecdp9w" data-testid="product-brand">President's Choice</p><h3 class="chakra-heading css-6qrhwc" id="20612667_EA" data-testid="product-title">Peaches, Strawberries, Pineapple &amp; Mango 4-Fruit Blend</h3><p class="chakra-text css-1yftjin" data-testid="product-package-size">600 g, $0.92/100g</p></div></a><div class="css-8keand"></div></div><div class="css-1q5omjq"><div class="css-fcebb8"><div data-testid="atc-compact" class="css-y94ivq" style="width: 45px;"><button type="button" class="chakra-button css-mudsm6" data-testid="atc-button"><svg stroke="currentColor" fill="currentColor" stroke-width="0" viewBox="0 0 24 24" focusable="false" class="chakra-icon css-1g3sp7a" data-testid="btn-icon" aria-hidden="true" height="1em" width="1em" xmlns="http://www.w3.org/2000/svg"><path d="M19 13h-6v6h-2v-6H5v-2h6V5h2v6h6v2z"></path></svg><span class="css-idkz9h">Add Peaches, Strawberries, Pineapple &amp; Mango 4-Fruit Blend to cart</span></button></div></div></div></div></div></li><li tabindex="-1" class="css-0"><div class="css-f5i5wc"><div class="chakra-linkbox css-vhnn8v"><div data-testid="product-image" class="css-16dr4ly"><img alt="President's Choice Rocky Road Ice Cream 946 ml, $0.42/100ml" src="https://assets.shop.loblaws.ca/products/21013145/b1/en/front/21013145_front_a01_@2.png" srcset="https://assets.shop.loblaws.ca/products/21013145/b1/en/front/21013145_front_a01_@2.png 1x, https://assets.shop.loblaws.ca/products/21013145/b1/en/front/21013145_front_a01_@2.png 2x" loading="lazy" class="chakra-image css-oguq8l" aria-hidden="true"></div><div class="css-qoklea"><div class="css-12dchmx"></div><div data-testid="price-product-tile" class="css-8atqhb"><p class="chakra-text css-0"><span class="chakra-text css-pwnbcb" data-testid="regular-price"><span class="css-idkz9h">$4.00</span>$4.00</span></p></div><a href="/rocky-road-ice-cream/p/21013145_EA?source=nspt" class="chakra-linkbox__overlay css-1hnz6hu"><div class="css-0"><p class="chakra-text css-1ecdp9w" data-testid="product-brand">President's Choice</p><h3 class="chakra-heading css-6qrhwc" id="21013145_EA" data-testid="product-title">Rocky Road Ice Cream</h3><p class="chakra-text css-1yftjin" data-testid="product-package-size">946 ml, $0.42/100ml</p></div></a><div class="css-8keand"></div></div><div class="css-1q5omjq"><div class="css-fcebb8"><div data-testid="atc-compact" class="css-y94ivq" style="width: 45px;"><button type="button" class="chakra-button css-mudsm6" data-testid="atc-button"><svg stroke="currentColor" fill="currentColor" stroke-width="0" viewBox="0 0 24 24" focusable="false" class="chakra-icon css-1g3sp7a" data-testid="btn-icon" aria-hidden="true" height="1em" width="1em" xmlns="http://www.w3.org/2000/svg"><path d="M19 13h-6v6h-2v-6H5v-2h6V5h2v6h6v2z"></path></svg><span class="css-idkz9h">Add Rocky Road Ice Cream to cart</span></button></div></div></div></div></div></li><li tabindex="-1" class="css-0"><div class="css-f5i5wc"><div class="chakra-linkbox css-vhnn8v"><div data-testid="product-image" class="css-16dr4ly"><img alt="President's Choice Scoop Shop Banana Split Flavoured Ice Cream 946 ml, $0.42/100ml" src="https://assets.shop.loblaws.ca/products/21221432/b1/en/front/21221432_front_a01_@2.png" srcset="https://assets.shop.loblaws.ca/products/21221432/b1/en/front/21221432_front_a01_@2.png 1x, https://assets.shop.loblaws.ca/products/21221432/b1/en/front/21221432_front_a01_@2.png 2x" loading="lazy" class="chakra-image css-oguq8l" aria-hidden="true"></div><div class="css-qoklea"><div class="css-12dchmx"></div><div data-testid="price-product-tile" class="css-8atqhb"><p class="chakra-text css-0"><span class="chakra-text css-pwnbcb" data-testid="regular-price"><span class="css-idkz9h">$4.00</span>$4.00</span></p></div><a href="/scoop-shop-banana-split-flavoured-ice-cream/p/21221432_EA?source=nspt" class="chakra-linkbox__overlay css-1hnz6hu"><div class="css-0"><p class="chakra-text css-1ecdp9w" data-testid="product-brand">President's Choice</p><h3 class="chakra-heading css-6qrhwc" id="21221432_EA" data-testid="product-title">Scoop Shop Banana Split Flavoured Ice Cream</h3><p class="chakra-text css-1yftjin" data-testid="product-package-size">946 ml, $0.42/100ml</p></div></a><div class="css-8keand"></div></div><div class="css-1q5omjq"><div class="css-fcebb8"><div data-testid="atc-compact" class="css-y94ivq" style="width: 45px;"><button disabled="" type="button" class="chakra-button css-mudsm6" data-testid="atc-button"><svg stroke="currentColor" fill="currentColor" stroke-width="0" viewBox="0 0 24 24" focusable="false" class="chakra-icon css-1g3sp7a" data-testid="btn-icon" aria-hidden="true" height="1em" width="1em" xmlns="http://www.w3.org/2000/svg"><path d="M19 13h-6v6h-2v-6H5v-2h6V5h2v6h6v2z"></path></svg><span class="css-idkz9h">Add Scoop Shop Banana Split Flavoured Ice Cream to cart</span></button></div></div><div class="css-4saf4a"><p class="chakra-text css-py8788" data-testid="inventory-badge-text">Out of Stock</p></div></div></div></div></li><li tabindex="-1" class="css-0"><div class="css-f5i5wc"><div class="chakra-linkbox css-vhnn8v"><div data-testid="product-image" class="css-16dr4ly"><img alt="President's Choice The Decadent Middle Chocolate Chip Cookie 280 g, $1.25/100g" src="https://assets.shop.loblaws.ca/products/20684269/b1/en/front/20684269_front_a01_@2.png" srcset="https://assets.shop.loblaws.ca/products/20684269/b1/en/front/20684269_front_a01_@2.png 1x, https://assets.shop.loblaws.ca/products/20684269/b1/en/front/20684269_front_a01_@2.png 2x" loading="lazy" class="chakra-image css-oguq8l" aria-hidden="true"></div><div class="css-qoklea"><div class="css-12dchmx"></div><div data-testid="price-product-tile" class="css-8atqhb"><p class="chakra-text css-0"><span class="chakra-text css-pwnbcb" data-testid="regular-price"><span class="css-idkz9h">$3.49</span>$3.49</span></p></div><a href="/the-decadent-middle-chocolate-chip-cookie/p/20684269_EA?source=nspt" class="chakra-linkbox__overlay css-1hnz6hu"><div class="css-0"><p class="chakra-text css-1ecdp9w" data-testid="product-brand">President's Choice</p><h3 class="chakra-heading css-6qrhwc" id="20684269_EA" data-testid="product-title">The Decadent Middle Chocolate Chip Cookie</h3><p class="chakra-text css-1yftjin" data-testid="product-package-size">280 g, $1.25/100g</p></div></a><div class="css-8keand"></div></div><div class="css-1q5omjq"><div class="css-fcebb8"><div data-testid="atc-compact" class="css-y94ivq" style="width: 45px;"><button type="button" class="chakra-button css-mudsm6" data-testid="atc-button"><svg stroke="currentColor" fill="currentColor" stroke-width="0" viewBox="0 0 24 24" focusable="false" class="chakra-icon css-1g3sp7a" data-testid="btn-icon" aria-hidden="true" height="1em" width="1em" xmlns="http://www.w3.org/2000/svg"><path d="M19 13h-6v6h-2v-6H5v-2h6V5h2v6h6v2z"></path></svg><span class="css-idkz9h">Add The Decadent Middle Chocolate Chip Cookie to cart</span></button></div></div></div></div></div></li><li tabindex="-1" class="css-0"><div class="css-f5i5wc"><div class="chakra-linkbox css-vhnn8v"><div data-testid="product-image" class="css-16dr4ly"><img alt="President's Choice The Decadent Chocolate Chunk Cookie 300 g, $1.16/100g" src="https://assets.shop.loblaws.ca/products/20612260/b1/en/front/20612260_front_a01_@2.png" srcset="https://assets.shop.loblaws.ca/products/20612260/b1/en/front/20612260_front_a01_@2.png 1x, https://assets.shop.loblaws.ca/products/20612260/b1/en/front/20612260_front_a01_@2.png 2x" loading="lazy" class="chakra-image css-oguq8l" aria-hidden="true"></div><div class="css-qoklea"><div class="css-12dchmx"></div><div data-testid="price-product-tile" class="css-8atqhb"><p class="chakra-text css-0"><span class="chakra-text css-pwnbcb" data-testid="regular-price"><span class="css-idkz9h">$3.49</span>$3.49</span></p></div><a href="/the-decadent-chocolate-chunk-cookie/p/20612260_EA?source=nspt" class="chakra-linkbox__overlay css-1hnz6hu"><div class="css-0"><p class="chakra-text css-1ecdp9w" data-testid="product-brand">President's Choice</p><h3 class="chakra-heading css-6qrhwc" id="20612260_EA" data-testid="product-title">The Decadent Chocolate Chunk Cookie</h3><p class="chakra-text css-1yftjin" data-testid="product-package-size">300 g, $1.16/100g</p></div></a><div class="css-8keand"></div></div><div class="css-1q5omjq"><div class="css-fcebb8"><div data-testid="atc-compact" class="css-y94ivq" style="width: 45px;"><button type="button" class="chakra-button css-mudsm6" data-testid="atc-button"><svg stroke="currentColor" fill="currentColor" stroke-width="0" viewBox="0 0 24 24" focusable="false" class="chakra-icon css-1g3sp7a" data-testid="btn-icon" aria-hidden="true" height="1em" width="1em" xmlns="http://www.w3.org/2000/svg"><path d="M19 13h-6v6h-2v-6H5v-2h6V5h2v6h6v2z"></path></svg><span class="css-idkz9h">Add The Decadent Chocolate Chunk Cookie to cart</span></button></div></div></div></div></div></li><li tabindex="-1" class="css-0"><div class="css-f5i5wc"><div class="chakra-linkbox css-vhnn8v"><div data-testid="product-image" class="css-16dr4ly"><img alt="President's Choice World of Flavours Pineapple, Banana &amp; Passionfruit Flavour Dark Chocolate Dessert Bar 100 g, $3.50/100g" src="https://assets.shop.loblaws.ca/products/21459684/b1/en/front/21459684_front_a01_@2.png" srcset="https://assets.shop.loblaws.ca/products/21459684/b1/en/front/21459684_front_a01_@2.png 1x, https://assets.shop.loblaws.ca/products/21459684/b1/en/front/21459684_front_a01_@2.png 2x" loading="lazy" class="chakra-image css-oguq8l" aria-hidden="true"></div><div class="css-qoklea"><div class="css-12dchmx"></div><div data-testid="price-product-tile" class="css-8atqhb"><p class="chakra-text css-0"><span class="chakra-text css-pwnbcb" data-testid="regular-price"><span class="css-idkz9h">$3.50</span>$3.50</span></p></div><a href="/world-of-flavours-pineapple-banana-passionfruit-fl/p/21459684_EA?source=nspt" class="chakra-linkbox__overlay css-1hnz6hu"><div class="css-0"><p class="chakra-text css-1ecdp9w" data-testid="product-brand">President's Choice</p><h3 class="chakra-heading css-6qrhwc" id="21459684_EA" data-testid="product-title">World of Flavours Pineapple, Banana &amp; Passionfruit Flavour Dark Chocolate Dessert Bar</h3><p class="chakra-text css-1yftjin" data-testid="product-package-size">100 g, $3.50/100g</p></div></a><div class="css-8keand"></div></div><div class="css-1q5omjq"><div class="css-fcebb8"><div data-testid="atc-compact" class="css-y94ivq" style="width: 45px;"><button type="button" class="chakra-button css-mudsm6" data-testid="atc-button"><svg stroke="currentColor" fill="currentColor" stroke-width="0" viewBox="0 0 24 24" focusable="false" class="chakra-icon css-1g3sp7a" data-testid="btn-icon" aria-hidden="true" height="1em" width="1em" xmlns="http://www.w3.org/2000/svg"><path d="M19 13h-6v6h-2v-6H5v-2h6V5h2v6h6v2z"></path></svg><span class="css-idkz9h">Add World of Flavours Pineapple, Banana &amp; Passionfruit Flavour Dark Chocolate Dessert Bar to cart</span></button></div></div></div></div></div></li><li tabindex="-1" class="css-0"><div class="css-f5i5wc"><div class="chakra-linkbox css-vhnn8v"><div data-testid="product-image" class="css-16dr4ly"><img alt="President's Choice Ready To Bake All Butter Pains Au Chocolat 320 g, $1.87/100g" src="https://assets.shop.loblaws.ca/products/21545086/b1/en/front/21545086_front_a01_@2.png" srcset="https://assets.shop.loblaws.ca/products/21545086/b1/en/front/21545086_front_a01_@2.png 1x, https://assets.shop.loblaws.ca/products/21545086/b1/en/front/21545086_front_a01_@2.png 2x" loading="lazy" class="chakra-image css-oguq8l" aria-hidden="true"></div><div class="css-qoklea"><div class="css-12dchmx"></div><div data-testid="price-product-tile" class="css-8atqhb"><p class="chakra-text css-0"><span class="chakra-text css-pwnbcb" data-testid="regular-price"><span class="css-idkz9h">$5.99</span>$5.99</span></p></div><a href="/ready-to-bake-all-butter-pains-au-chocolat/p/21545086_EA?source=nspt" class="chakra-linkbox__overlay css-1hnz6hu"><div class="css-0"><p class="chakra-text css-1ecdp9w" data-testid="product-brand">President's Choice</p><h3 class="chakra-heading css-6qrhwc" id="21545086_EA" data-testid="product-title">Ready To Bake All Butter Pains Au Chocolat</h3><p class="chakra-text css-1yftjin" data-testid="product-package-size">320 g, $1.87/100g</p></div></a><div class="css-8keand"></div></div><div class="css-1q5omjq"><div class="css-fcebb8"><div data-testid="atc-compact" class="css-y94ivq" style="width: 45px;"><button type="button" class="chakra-button css-mudsm6" data-testid="atc-button"><svg stroke="currentColor" fill="currentColor" stroke-width="0" viewBox="0 0 24 24" focusable="false" class="chakra-icon css-1g3sp7a" data-testid="btn-icon" aria-hidden="true" height="1em" width="1em" xmlns="http://www.w3.org/2000/svg"><path d="M19 13h-6v6h-2v-6H5v-2h6V5h2v6h6v2z"></path></svg><span class="css-idkz9h">Add Ready To Bake All Butter Pains Au Chocolat to cart</span></button></div></div></div></div></div></li><li tabindex="-1" class="css-0"><div class="css-f5i5wc"><div class="chakra-linkbox css-vhnn8v"><div data-testid="product-image" class="css-16dr4ly"><img alt="President's Choice Ready To Bake All-Butter Raspberry-Filled Croissants  360 g, $1.66/100g" src="https://assets.shop.loblaws.ca/products/21545122/b1/en/front/21545122_front_a01_@2.png" srcset="https://assets.shop.loblaws.ca/products/21545122/b1/en/front/21545122_front_a01_@2.png 1x, https://assets.shop.loblaws.ca/products/21545122/b1/en/front/21545122_front_a01_@2.png 2x" loading="lazy" class="chakra-image css-oguq8l" aria-hidden="true"></div><div class="css-qoklea"><div class="css-12dchmx"></div><div data-testid="price-product-tile" class="css-8atqhb"><p class="chakra-text css-0"><span class="chakra-text css-pwnbcb" data-testid="regular-price"><span class="css-idkz9h">$5.99</span>$5.99</span></p></div><a href="/ready-to-bake-all-butter-raspberry-filled-croissan/p/21545122_EA?source=nspt" class="chakra-linkbox__overlay css-1hnz6hu"><div class="css-0"><p class="chakra-text css-1ecdp9w" data-testid="product-brand">President's Choice</p><h3 class="chakra-heading css-6qrhwc" id="21545122_EA" data-testid="product-title">Ready To Bake All-Butter Raspberry-Filled Croissants </h3><p class="chakra-text css-1yftjin" data-testid="product-package-size">360 g, $1.66/100g</p></div></a><div class="css-8keand"></div></div><div class="css-1q5omjq"><div class="css-fcebb8"><div data-testid="atc-compact" class="css-y94ivq" style="width: 45px;"><button type="button" class="chakra-button css-mudsm6" data-testid="atc-button"><svg stroke="currentColor" fill="currentColor" stroke-width="0" viewBox="0 0 24 24" focusable="false" class="chakra-icon css-1g3sp7a" data-testid="btn-icon" aria-hidden="true" height="1em" width="1em" xmlns="http://www.w3.org/2000/svg"><path d="M19 13h-6v6h-2v-6H5v-2h6V5h2v6h6v2z"></path></svg><span class="css-idkz9h">Add Ready To Bake All-Butter Raspberry-Filled Croissants  to cart</span></button></div></div></div></div></div></li><li tabindex="-1" class="css-0"><div class="css-f5i5wc"><div class="chakra-linkbox css-vhnn8v"><div data-testid="product-image" class="css-16dr4ly"><img alt="President's Choice Loads of Berries and Cherries White Chocolate Dessert Bar 100 g, $3.50/100g" src="https://assets.shop.loblaws.ca/products/21459476/b1/en/front/21459476_front_a01_@2.png" srcset="https://assets.shop.loblaws.ca/products/21459476/b1/en/front/21459476_front_a01_@2.png 1x, https://assets.shop.loblaws.ca/products/21459476/b1/en/front/21459476_front_a01_@2.png 2x" loading="lazy" class="chakra-image css-oguq8l" aria-hidden="true"></div><div class="css-qoklea"><div class="css-12dchmx"></div><div data-testid="price-product-tile" class="css-8atqhb"><p class="chakra-text css-0"><span class="chakra-text css-pwnbcb" data-testid="regular-price"><span class="css-idkz9h">$3.50</span>$3.50</span></p></div><a href="/loads-of-berries-and-cherries-white-chocolate-dess/p/21459476_EA?source=nspt" class="chakra-linkbox__overlay css-1hnz6hu"><div class="css-0"><p class="chakra-text css-1ecdp9w" data-testid="product-brand">President's Choice</p><h3 class="chakra-heading css-6qrhwc" id="21459476_EA" data-testid="product-title">Loads of Berries and Cherries White Chocolate Dessert Bar</h3><p class="chakra-text css-1yftjin" data-testid="product-package-size">100 g, $3.50/100g</p></div></a><div class="css-8keand"></div></div><div class="css-1q5omjq"><div class="css-fcebb8"><div data-testid="atc-compact" class="css-y94ivq" style="width: 45px;"><button disabled="" type="button" class="chakra-button css-mudsm6" data-testid="atc-button"><svg stroke="currentColor" fill="currentColor" stroke-width="0" viewBox="0 0 24 24" focusable="false" class="chakra-icon css-1g3sp7a" data-testid="btn-icon" aria-hidden="true" height="1em" width="1em" xmlns="http://www.w3.org/2000/svg"><path d="M19 13h-6v6h-2v-6H5v-2h6V5h2v6h6v2z"></path></svg><span class="css-idkz9h">Add Loads of Berries and Cherries White Chocolate Dessert Bar to cart</span></button></div></div><div class="css-4saf4a"><p class="chakra-text css-py8788" data-testid="inventory-badge-text">Out of Stock</p></div></div></div></div></li><li tabindex="-1" class="css-0"><div class="css-f5i5wc"><div class="chakra-linkbox css-vhnn8v"><div data-testid="product-image" class="css-16dr4ly"><img alt="President's Choice Loads of Birthday Cake White Chocolate Dessert Bar 100 g, $3.50/100g" src="https://assets.shop.loblaws.ca/products/21459479/b1/en/front/21459479_front_a01_@2.png" srcset="https://assets.shop.loblaws.ca/products/21459479/b1/en/front/21459479_front_a01_@2.png 1x, https://assets.shop.loblaws.ca/products/21459479/b1/en/front/21459479_front_a01_@2.png 2x" loading="lazy" class="chakra-image css-oguq8l" aria-hidden="true"></div><div class="css-qoklea"><div class="css-12dchmx"></div><div data-testid="price-product-tile" class="css-8atqhb"><p class="chakra-text css-0"><span class="chakra-text css-pwnbcb" data-testid="regular-price"><span class="css-idkz9h">$3.50</span>$3.50</span></p></div><a href="/loads-of-birthday-cake-white-chocolate-dessert-bar/p/21459479_EA?source=nspt" class="chakra-linkbox__overlay css-1hnz6hu"><div class="css-0"><p class="chakra-text css-1ecdp9w" data-testid="product-brand">President's Choice</p><h3 class="chakra-heading css-6qrhwc" id="21459479_EA" data-testid="product-title">Loads of Birthday Cake White Chocolate Dessert Bar</h3><p class="chakra-text css-1yftjin" data-testid="product-package-size">100 g, $3.50/100g</p></div></a><div class="css-8keand"></div></div><div class="css-1q5omjq"><div class="css-fcebb8"><div data-testid="atc-compact" class="css-y94ivq" style="width: 45px;"><button disabled="" type="button" class="chakra-button css-mudsm6" data-testid="atc-button"><svg stroke="currentColor" fill="currentColor" stroke-width="0" viewBox="0 0 24 24" focusable="false" class="chakra-icon css-1g3sp7a" data-testid="btn-icon" aria-hidden="true" height="1em" width="1em" xmlns="http://www.w3.org/2000/svg"><path d="M19 13h-6v6h-2v-6H5v-2h6V5h2v6h6v2z"></path></svg><span class="css-idkz9h">Add Loads of Birthday Cake White Chocolate Dessert Bar to cart</span></button></div></div><div class="css-4saf4a"><p class="chakra-text css-py8788" data-testid="inventory-badge-text">Out of Stock</p></div></div></div></div></li><li tabindex="-1" class="css-0"><div class="css-f5i5wc"><div class="chakra-linkbox css-vhnn8v"><div data-testid="product-image" class="css-16dr4ly"><img alt="President's Choice Milk Chocolate Covered Bananas 200 g, $2.75/100g" src="https://assets.shop.loblaws.ca/products/21544053/b1/en/front/21544053_front_a01_@2.png" srcset="https://assets.shop.loblaws.ca/products/21544053/b1/en/front/21544053_front_a01_@2.png 1x, https://assets.shop.loblaws.ca/products/21544053/b1/en/front/21544053_front_a01_@2.png 2x" loading="lazy" class="chakra-image css-oguq8l" aria-hidden="true"></div><div class="css-qoklea"><div class="css-12dchmx"></div><div data-testid="price-product-tile" class="css-8atqhb"><p class="chakra-text css-0"><span class="chakra-text css-pwnbcb" data-testid="regular-price"><span class="css-idkz9h">$5.50</span>$5.50</span></p></div><a href="/milk-chocolate-covered-bananas/p/21544053_EA?source=nspt" class="chakra-linkbox__overlay css-1hnz6hu"><div class="css-0"><p class="chakra-text css-1ecdp9w" data-testid="product-brand">President's Choice</p><h3 class="chakra-heading css-6qrhwc" id="21544053_EA" data-testid="product-title">Milk Chocolate Covered Bananas</h3><p class="chakra-text css-1yftjin" data-testid="product-package-size">200 g, $2.75/100g</p></div></a><div class="css-8keand"></div></div><div class="css-1q5omjq"><div class="css-fcebb8"><div data-testid="atc-compact" class="css-y94ivq" style="width: 45px;"><button type="button" class="chakra-button css-mudsm6" data-testid="atc-button"><svg stroke="currentColor" fill="currentColor" stroke-width="0" viewBox="0 0 24 24" focusable="false" class="chakra-icon css-1g3sp7a" data-testid="btn-icon" aria-hidden="true" height="1em" width="1em" xmlns="http://www.w3.org/2000/svg"><path d="M19 13h-6v6h-2v-6H5v-2h6V5h2v6h6v2z"></path></svg><span class="css-idkz9h">Add Milk Chocolate Covered Bananas to cart</span></button></div></div></div></div></div></li><li tabindex="-1" class="css-0"><div class="css-f5i5wc"><div class="chakra-linkbox css-vhnn8v"><div data-testid="product-image" class="css-16dr4ly"><img alt="President's Choice Milk Chocolate Covered Blueberries 200 g, $2.75/100g" src="https://assets.shop.loblaws.ca/products/21544051/b1/en/front/21544051_front_a01_@2.png" srcset="https://assets.shop.loblaws.ca/products/21544051/b1/en/front/21544051_front_a01_@2.png 1x, https://assets.shop.loblaws.ca/products/21544051/b1/en/front/21544051_front_a01_@2.png 2x" loading="lazy" class="chakra-image css-oguq8l" aria-hidden="true"></div><div class="css-qoklea"><div class="css-12dchmx"></div><div data-testid="price-product-tile" class="css-8atqhb"><p class="chakra-text css-0"><span class="chakra-text css-pwnbcb" data-testid="regular-price"><span class="css-idkz9h">$5.50</span>$5.50</span></p></div><a href="/milk-chocolate-covered-blueberries/p/21544051_EA?source=nspt" class="chakra-linkbox__overlay css-1hnz6hu"><div class="css-0"><p class="chakra-text css-1ecdp9w" data-testid="product-brand">President's Choice</p><h3 class="chakra-heading css-6qrhwc" id="21544051_EA" data-testid="product-title">Milk Chocolate Covered Blueberries</h3><p class="chakra-text css-1yftjin" data-testid="product-package-size">200 g, $2.75/100g</p></div></a><div class="css-8keand"></div></div><div class="css-1q5omjq"><div class="css-fcebb8"><div data-testid="atc-compact" class="css-y94ivq" style="width: 45px;"><button type="button" class="chakra-button css-mudsm6" data-testid="atc-button"><svg stroke="currentColor" fill="currentColor" stroke-width="0" viewBox="0 0 24 24" focusable="false" class="chakra-icon css-1g3sp7a" data-testid="btn-icon" aria-hidden="true" height="1em" width="1em" xmlns="http://www.w3.org/2000/svg"><path d="M19 13h-6v6h-2v-6H5v-2h6V5h2v6h6v2z"></path></svg><span class="css-idkz9h">Add Milk Chocolate Covered Blueberries to cart</span></button></div></div></div></div></div></li><li tabindex="-1" class="css-0"><div class="css-f5i5wc"><div class="chakra-linkbox css-vhnn8v"><div data-testid="product-image" class="css-16dr4ly"><img alt="President's Choice Milk Chocolate Covered Strawberries 200 g, $2.75/100g" src="https://assets.shop.loblaws.ca/products/21544055/b1/en/front/21544055_front_a01_@2.png" srcset="https://assets.shop.loblaws.ca/products/21544055/b1/en/front/21544055_front_a01_@2.png 1x, https://assets.shop.loblaws.ca/products/21544055/b1/en/front/21544055_front_a01_@2.png 2x" loading="lazy" class="chakra-image css-oguq8l" aria-hidden="true"></div><div class="css-qoklea"><div class="css-12dchmx"></div><div data-testid="price-product-tile" class="css-8atqhb"><p class="chakra-text css-0"><span class="chakra-text css-pwnbcb" data-testid="regular-price"><span class="css-idkz9h">$5.50</span>$5.50</span></p></div><a href="/milk-chocolate-covered-strawberries/p/21544055_EA?source=nspt" class="chakra-linkbox__overlay css-1hnz6hu"><div class="css-0"><p class="chakra-text css-1ecdp9w" data-testid="product-brand">President's Choice</p><h3 class="chakra-heading css-6qrhwc" id="21544055_EA" data-testid="product-title">Milk Chocolate Covered Strawberries</h3><p class="chakra-text css-1yftjin" data-testid="product-package-size">200 g, $2.75/100g</p></div></a><div class="css-8keand"></div></div><div class="css-1q5omjq"><div class="css-fcebb8"><div data-testid="atc-compact" class="css-y94ivq" style="width: 45px;"><button type="button" class="chakra-button css-mudsm6" data-testid="atc-button"><svg stroke="currentColor" fill="currentColor" stroke-width="0" viewBox="0 0 24 24" focusable="false" class="chakra-icon css-1g3sp7a" data-testid="btn-icon" aria-hidden="true" height="1em" width="1em" xmlns="http://www.w3.org/2000/svg"><path d="M19 13h-6v6h-2v-6H5v-2h6V5h2v6h6v2z"></path></svg><span class="css-idkz9h">Add Milk Chocolate Covered Strawberries to cart</span></button></div></div></div></div></div></li><li tabindex="-1" class="css-0"><div class="css-f5i5wc"><div class="chakra-linkbox css-vhnn8v"><div data-testid="product-image" class="css-16dr4ly"><img alt="President's Choice Elk Crossing Ice Cream  946 ml, $0.42/100ml" src="https://assets.shop.loblaws.ca/products/20854145001/b1/en/front/20854145001_front_a01_@2.png" srcset="https://assets.shop.loblaws.ca/products/20854145001/b1/en/front/20854145001_front_a01_@2.png 1x, https://assets.shop.loblaws.ca/products/20854145001/b1/en/front/20854145001_front_a01_@2.png 2x" loading="lazy" class="chakra-image css-oguq8l" aria-hidden="true"></div><div class="css-qoklea"><div class="css-12dchmx"></div><div data-testid="price-product-tile" class="css-8atqhb"><p class="chakra-text css-0"><span class="chakra-text css-pwnbcb" data-testid="regular-price"><span class="css-idkz9h">$4.00</span>$4.00</span></p></div><a href="/elk-crossing-ice-cream/p/20854145001_EA?source=nspt" class="chakra-linkbox__overlay css-1hnz6hu"><div class="css-0"><p class="chakra-text css-1ecdp9w" data-testid="product-brand">President's Choice</p><h3 class="chakra-heading css-6qrhwc" id="20854145001_EA" data-testid="product-title">Elk Crossing Ice Cream </h3><p class="chakra-text css-1yftjin" data-testid="product-package-size">946 ml, $0.42/100ml</p></div></a><div class="css-8keand"></div></div><div class="css-1q5omjq"><div class="css-fcebb8"><div data-testid="atc-compact" class="css-y94ivq" style="width: 45px;"><button type="button" class="chakra-button css-mudsm6" data-testid="atc-button"><svg stroke="currentColor" fill="currentColor" stroke-width="0" viewBox="0 0 24 24" focusable="false" class="chakra-icon css-1g3sp7a" data-testid="btn-icon" aria-hidden="true" height="1em" width="1em" xmlns="http://www.w3.org/2000/svg"><path d="M19 13h-6v6h-2v-6H5v-2h6V5h2v6h6v2z"></path></svg><span class="css-idkz9h">Add Elk Crossing Ice Cream  to cart</span></button></div></div></div></div></div></li><li tabindex="-1" class="css-0"><div class="css-f5i5wc"><div class="chakra-linkbox css-vhnn8v"><div data-testid="product-image" class="css-16dr4ly"><img alt="President's Choice Blueberry Cinnamon Flavoured Ice Pops 360 ml, $1.39/100ml" src="https://assets.shop.loblaws.ca/products/21575381/b1/en/front/21575381_front_a01_@2.png" srcset="https://assets.shop.loblaws.ca/products/21575381/b1/en/front/21575381_front_a01_@2.png 1x, https://assets.shop.loblaws.ca/products/21575381/b1/en/front/21575381_front_a01_@2.png 2x" loading="lazy" class="chakra-image css-oguq8l" aria-hidden="true"></div><div class="css-qoklea"><div class="css-12dchmx"><div class="chakra-badge css-34x0wr" data-testid="product-badge"><div class="css-u4p24i">New</div></div></div><div data-testid="price-product-tile" class="css-8atqhb"><p class="chakra-text css-0"><span class="chakra-text css-o93gbd" data-testid="sale-price"><span class="css-idkz9h">$5.00</span>$5.00</span><span class="chakra-text css-623q5h" data-testid="was-price"><span class="css-idkz9h">$5.29</span>$5.29</span></p><p class="chakra-text css-1m5a6y8" data-testid="price-descriptor">SAVE $0.29</p></div><a href="/blueberry-cinnamon-flavoured-ice-pops/p/21575381_EA?source=nspt" class="chakra-linkbox__overlay css-1hnz6hu"><div class="css-0"><p class="chakra-text css-1ecdp9w" data-testid="product-brand">President's Choice</p><h3 class="chakra-heading css-6qrhwc" id="21575381_EA" data-testid="product-title">Blueberry Cinnamon Flavoured Ice Pops</h3><p class="chakra-text css-1yftjin" data-testid="product-package-size">360 ml, $1.39/100ml</p></div></a><div class="css-8keand"></div></div><div class="css-1q5omjq"><div class="css-fcebb8"><div data-testid="atc-compact" class="css-y94ivq" style="width: 45px;"><button type="button" class="chakra-button css-mudsm6" data-testid="atc-button"><svg stroke="currentColor" fill="currentColor" stroke-width="0" viewBox="0 0 24 24" focusable="false" class="chakra-icon css-1g3sp7a" data-testid="btn-icon" aria-hidden="true" height="1em" width="1em" xmlns="http://www.w3.org/2000/svg"><path d="M19 13h-6v6h-2v-6H5v-2h6V5h2v6h6v2z"></path></svg><span class="css-idkz9h">Add Blueberry Cinnamon Flavoured Ice Pops to cart</span></button></div></div></div></div></div></li><li tabindex="-1" class="css-0"><div class="css-f5i5wc"><div class="chakra-linkbox css-vhnn8v"><div data-testid="product-image" class="css-16dr4ly"><img alt="President's Choice Peach Ginger Flavoured Ice Pops 360 ml, $1.39/100ml" src="https://assets.shop.loblaws.ca/products/21575280/b1/en/front/21575280_front_a01_@2.png" srcset="https://assets.shop.loblaws.ca/products/21575280/b1/en/front/21575280_front_a01_@2.png 1x, https://assets.shop.loblaws.ca/products/21575280/b1/en/front/21575280_front_a01_@2.png 2x" loading="lazy" class="chakra-image css-oguq8l" aria-hidden="true"></div><div class="css-qoklea"><div class="css-12dchmx"><div class="chakra-badge css-34x0wr" data-testid="product-badge"><div class="css-u4p24i">New</div></div></div><div data-testid="price-product-tile" class="css-8atqhb"><p class="chakra-text css-0"><span class="chakra-text css-pwnbcb" data-testid="regular-price"><span class="css-idkz9h">$5.00</span>$5.00</span></p></div><a href="/peach-ginger-flavoured-ice-pops/p/21575280_EA?source=nspt" class="chakra-linkbox__overlay css-1hnz6hu"><div class="css-0"><p class="chakra-text css-1ecdp9w" data-testid="product-brand">President's Choice</p><h3 class="chakra-heading css-6qrhwc" id="21575280_EA" data-testid="product-title">Peach Ginger Flavoured Ice Pops</h3><p class="chakra-text css-1yftjin" data-testid="product-package-size">360 ml, $1.39/100ml</p></div></a><div class="css-8keand"></div></div><div class="css-1q5omjq"><div class="css-fcebb8"><div data-testid="atc-compact" class="css-y94ivq" style="width: 45px;"><button type="button" class="chakra-button css-mudsm6" data-testid="atc-button"><svg stroke="currentColor" fill="currentColor" stroke-width="0" viewBox="0 0 24 24" focusable="false" class="chakra-icon css-1g3sp7a" data-testid="btn-icon" aria-hidden="true" height="1em" width="1em" xmlns="http://www.w3.org/2000/svg"><path d="M19 13h-6v6h-2v-6H5v-2h6V5h2v6h6v2z"></path></svg><span class="css-idkz9h">Add Peach Ginger Flavoured Ice Pops to cart</span></button></div></div></div></div></div></li><li tabindex="-1" class="css-0"><div class="css-f5i5wc"><div class="chakra-linkbox css-vhnn8v"><div data-testid="product-image" class="css-16dr4ly"><img alt="President's Choice Wine Gums Candy 200 g, $1.65/100g" src="https://assets.shop.loblaws.ca/products/20879245/b1/en/front/20879245_front_a01_@2.png" srcset="https://assets.shop.loblaws.ca/products/20879245/b1/en/front/20879245_front_a01_@2.png 1x, https://assets.shop.loblaws.ca/products/20879245/b1/en/front/20879245_front_a01_@2.png 2x" loading="lazy" class="chakra-image css-oguq8l" aria-hidden="true"></div><div class="css-qoklea"><div class="css-12dchmx"></div><div data-testid="price-product-tile" class="css-8atqhb"><p class="chakra-text css-0"><span class="chakra-text css-pwnbcb" data-testid="regular-price"><span class="css-idkz9h">$3.29</span>$3.29</span></p></div><a href="/wine-gums-candy/p/20879245_EA?source=nspt" class="chakra-linkbox__overlay css-1hnz6hu"><div class="css-0"><p class="chakra-text css-1ecdp9w" data-testid="product-brand">President's Choice</p><h3 class="chakra-heading css-6qrhwc" id="20879245_EA" data-testid="product-title">Wine Gums Candy</h3><p class="chakra-text css-1yftjin" data-testid="product-package-size">200 g, $1.65/100g</p></div></a><div class="css-8keand"></div></div><div class="css-1q5omjq"><div class="css-fcebb8"><div data-testid="atc-compact" class="css-y94ivq" style="width: 45px;"><button disabled="" type="button" class="chakra-button css-mudsm6" data-testid="atc-button"><svg stroke="currentColor" fill="currentColor" stroke-width="0" viewBox="0 0 24 24" focusable="false" class="chakra-icon css-1g3sp7a" data-testid="btn-icon" aria-hidden="true" height="1em" width="1em" xmlns="http://www.w3.org/2000/svg"><path d="M19 13h-6v6h-2v-6H5v-2h6V5h2v6h6v2z"></path></svg><span class="css-idkz9h">Add Wine Gums Candy to cart</span></button></div></div><div class="css-4saf4a"><p class="chakra-text css-py8788" data-testid="inventory-badge-text">Out of Stock</p></div></div></div></div></li><li tabindex="-1" class="css-0"><div class="css-f5i5wc"><div class="chakra-linkbox css-vhnn8v"><div data-testid="product-image" class="css-16dr4ly"><img alt="President's Choice S'mores Kit 600 g, $1.25/100g" src="https://assets.shop.loblaws.ca/products/20655672/b1/en/front/20655672_front_a01_@2.png" srcset="https://assets.shop.loblaws.ca/products/20655672/b1/en/front/20655672_front_a01_@2.png 1x, https://assets.shop.loblaws.ca/products/20655672/b1/en/front/20655672_front_a01_@2.png 2x" loading="lazy" class="chakra-image css-oguq8l" aria-hidden="true"></div><div class="css-qoklea"><div class="css-12dchmx"></div><div data-testid="price-product-tile" class="css-8atqhb"><p class="chakra-text css-0"><span class="chakra-text css-o93gbd" data-testid="sale-price"><span class="css-idkz9h">$7.49</span>$7.49</span><span class="chakra-text css-623q5h" data-testid="was-price"><span class="css-idkz9h">$8.79</span>$8.79</span></p><p class="chakra-text css-1m5a6y8" data-testid="price-descriptor">SAVE $1.30</p></div><a href="/s-mores-kit/p/20655672_EA?source=nspt" class="chakra-linkbox__overlay css-1hnz6hu"><div class="css-0"><p class="chakra-text css-1ecdp9w" data-testid="product-brand">President's Choice</p><h3 class="chakra-heading css-6qrhwc" id="20655672_EA" data-testid="product-title">S'mores Kit</h3><p class="chakra-text css-1yftjin" data-testid="product-package-size">600 g, $1.25/100g</p></div></a><div class="css-8keand"></div></div><div class="css-1q5omjq"><div class="css-fcebb8"><div data-testid="atc-compact" class="css-y94ivq" style="width: 45px;"><button type="button" class="chakra-button css-mudsm6" data-testid="atc-button"><svg stroke="currentColor" fill="currentColor" stroke-width="0" viewBox="0 0 24 24" focusable="false" class="chakra-icon css-1g3sp7a" data-testid="btn-icon" aria-hidden="true" height="1em" width="1em" xmlns="http://www.w3.org/2000/svg"><path d="M19 13h-6v6h-2v-6H5v-2h6V5h2v6h6v2z"></path></svg><span class="css-idkz9h">Add S'mores Kit to cart</span></button></div></div></div></div></div></li><li tabindex="-1" class="css-0"><div class="css-f5i5wc"><div class="chakra-linkbox css-vhnn8v"><div data-testid="product-image" class="css-16dr4ly"><img alt="President's Choice Caramel Syrup 428 ml, $1.40/100ml" src="https://assets.shop.loblaws.ca/products/20338077/b1/en/front/20338077_front_a01_@2.png" srcset="https://assets.shop.loblaws.ca/products/20338077/b1/en/front/20338077_front_a01_@2.png 1x, https://assets.shop.loblaws.ca/products/20338077/b1/en/front/20338077_front_a01_@2.png 2x" loading="lazy" class="chakra-image css-oguq8l" aria-hidden="true"></div><div class="css-qoklea"><div class="css-12dchmx"></div><div data-testid="price-product-tile" class="css-8atqhb"><p class="chakra-text css-0"><span class="chakra-text css-pwnbcb" data-testid="regular-price"><span class="css-idkz9h">$5.99</span>$5.99</span></p></div><a href="/caramel-syrup/p/20338077_EA?source=nspt" class="chakra-linkbox__overlay css-1hnz6hu"><div class="css-0"><p class="chakra-text css-1ecdp9w" data-testid="product-brand">President's Choice</p><h3 class="chakra-heading css-6qrhwc" id="20338077_EA" data-testid="product-title">Caramel Syrup</h3><p class="chakra-text css-1yftjin" data-testid="product-package-size">428 ml, $1.40/100ml</p></div></a><div class="css-8keand"></div></div><div class="css-1q5omjq"><div class="css-fcebb8"><div data-testid="atc-compact" class="css-y94ivq" style="width: 45px;"><button type="button" class="chakra-button css-mudsm6" data-testid="atc-button"><svg stroke="currentColor" fill="currentColor" stroke-width="0" viewBox="0 0 24 24" focusable="false" class="chakra-icon css-1g3sp7a" data-testid="btn-icon" aria-hidden="true" height="1em" width="1em" xmlns="http://www.w3.org/2000/svg"><path d="M19 13h-6v6h-2v-6H5v-2h6V5h2v6h6v2z"></path></svg><span class="css-idkz9h">Add Caramel Syrup to cart</span></button></div></div></div></div></div></li><li tabindex="-1" class="css-0"><div class="css-f5i5wc"><div class="chakra-linkbox css-vhnn8v"><div data-testid="product-image" class="css-16dr4ly"><img alt="President's Choice Chocolate Syrup 428 ml, $1.40/100ml" src="https://assets.shop.loblaws.ca/products/20339669/b1/en/front/20339669_front_a01_@2.png" srcset="https://assets.shop.loblaws.ca/products/20339669/b1/en/front/20339669_front_a01_@2.png 1x, https://assets.shop.loblaws.ca/products/20339669/b1/en/front/20339669_front_a01_@2.png 2x" loading="lazy" class="chakra-image css-oguq8l" aria-hidden="true"></div><div class="css-qoklea"><div class="css-12dchmx"></div><div data-testid="price-product-tile" class="css-8atqhb"><p class="chakra-text css-0"><span class="chakra-text css-pwnbcb" data-testid="regular-price"><span class="css-idkz9h">$5.99</span>$5.99</span></p></div><a href="/chocolate-syrup/p/20339669_EA?source=nspt" class="chakra-linkbox__overlay css-1hnz6hu"><div class="css-0"><p class="chakra-text css-1ecdp9w" data-testid="product-brand">President's Choice</p><h3 class="chakra-heading css-6qrhwc" id="20339669_EA" data-testid="product-title">Chocolate Syrup</h3><p class="chakra-text css-1yftjin" data-testid="product-package-size">428 ml, $1.40/100ml</p></div></a><div class="css-8keand"></div></div><div class="css-1q5omjq"><div class="css-fcebb8"><div data-testid="atc-compact" class="css-y94ivq" style="width: 45px;"><button type="button" class="chakra-button css-mudsm6" data-testid="atc-button"><svg stroke="currentColor" fill="currentColor" stroke-width="0" viewBox="0 0 24 24" focusable="false" class="chakra-icon css-1g3sp7a" data-testid="btn-icon" aria-hidden="true" height="1em" width="1em" xmlns="http://www.w3.org/2000/svg"><path d="M19 13h-6v6h-2v-6H5v-2h6V5h2v6h6v2z"></path></svg><span class="css-idkz9h">Add Chocolate Syrup to cart</span></button></div></div></div></div></div></li></ul></div></div><div id=":rp:" class="css-0"> </div></div><section></section><section><div class="chakra-container css-1yvva6b" data-testid="section"><div class="css-0"><div data-testid="headline-skeleton" class="css-1lekzkb"><div class="chakra-skeleton css-1owawte"></div><div class="chakra-skeleton css-5l70j4"></div></div><div class="css-k008qs"><div class="chakra-skeleton css-a9sh8e"></div></div></div><div data-testid="spotlight-skeleton" class="css-1sgy3jr"><div class="css-do86b6"><div class="chakra-skeleton css-6pcnng"></div><div class="css-6vln0l"><div class="chakra-skeleton css-uny4kg"></div><div class="chakra-skeleton css-y0q7fv"></div><div class="css-17xejub"></div><div class="chakra-skeleton css-1u38pz9"></div></div></div><div data-testid="product-grid" class="css-l77v97"><div class="css-0"><div data-testid="product-tile-skeleton" class="css-1vlaaab"><div class="css-2eqptn"><div class="chakra-skeleton css-p3naht"></div><div class="chakra-skeleton css-1lsgna"></div></div><div class="css-8t32m0"><div class="chakra-skeleton css-iwsmz6"></div><div class="chakra-skeleton css-13fqsnp"></div><div class="chakra-skeleton css-172iylp"></div><div class="chakra-skeleton css-13fqsnp"></div></div></div></div><div class="css-0"><div data-testid="product-tile-skeleton" class="css-1vlaaab"><div class="css-2eqptn"><div class="chakra-skeleton css-p3naht"></div><div class="chakra-skeleton css-1lsgna"></div></div><div class="css-8t32m0"><div class="chakra-skeleton css-iwsmz6"></div><div class="chakra-skeleton css-13fqsnp"></div><div class="chakra-skeleton css-172iylp"></div><div class="chakra-skeleton css-13fqsnp"></div></div></div></div><div class="css-0"><div data-testid="product-tile-skeleton" class="css-1vlaaab"><div class="css-2eqptn"><div class="chakra-skeleton css-p3naht"></div><div class="chakra-skeleton css-1lsgna"></div></div><div class="css-8t32m0"><div class="chakra-skeleton css-iwsmz6"></div><div class="chakra-skeleton css-13fqsnp"></div><div class="chakra-skeleton css-172iylp"></div><div class="chakra-skeleton css-13fqsnp"></div></div></div></div><div class="css-0"><div data-testid="product-tile-skeleton" class="css-1vlaaab"><div class="css-2eqptn"><div class="chakra-skeleton css-p3naht"></div><div class="chakra-skeleton css-1lsgna"></div></div><div class="css-8t32m0"><div class="chakra-skeleton css-iwsmz6"></div><div class="chakra-skeleton css-13fqsnp"></div><div class="chakra-skeleton css-172iylp"></div><div class="chakra-skeleton css-13fqsnp"></div></div></div></div><div class="css-0"><div data-testid="product-tile-skeleton" class="css-1vlaaab"><div class="css-2eqptn"><div class="chakra-skeleton css-p3naht"></div><div class="chakra-skeleton css-1lsgna"></div></div><div class="css-8t32m0"><div class="chakra-skeleton css-iwsmz6"></div><div class="chakra-skeleton css-13fqsnp"></div><div class="chakra-skeleton css-172iylp"></div><div class="chakra-skeleton css-13fqsnp"></div></div></div></div><div class="css-0"><div data-testid="product-tile-skeleton" class="css-1vlaaab"><div class="css-2eqptn"><div class="chakra-skeleton css-p3naht"></div><div class="chakra-skeleton css-1lsgna"></div></div><div class="css-8t32m0"><div class="chakra-skeleton css-iwsmz6"></div><div class="chakra-skeleton css-13fqsnp"></div><div class="chakra-skeleton css-172iylp"></div><div class="chakra-skeleton css-13fqsnp"></div></div></div></div></div></div></div></section><section><div class="chakra-container css-1yvva6b" data-testid="section"><div class="css-0"><div data-testid="headline-skeleton" class="css-1lekzkb"><div class="chakra-skeleton css-1owawte"></div><div class="chakra-skeleton css-5l70j4"></div></div><div class="css-k008qs"><div class="chakra-skeleton css-a9sh8e"></div></div></div><a class="chakra-link css-14qfziv" href="#:ra:">Skip undefined</a><div class="css-10cksfv"><div class="indiana-scroll-container"><div class="css-1g9fa9p"><div class="css-0"><div data-testid="mini-product-tile-skeleton" class="css-zb6z58"><div class="chakra-skeleton css-12z5krp"></div><div class="css-rue1b1"><div class="chakra-skeleton css-uu5ame"></div><div class="chakra-skeleton css-1dmuygw"></div><div class="chakra-skeleton css-1plvu8"></div></div><div class="css-qfdd9t"><div class="chakra-skeleton css-1xghl5w"></div></div></div></div><div class="css-0"><div data-testid="mini-product-tile-skeleton" class="css-zb6z58"><div class="chakra-skeleton css-12z5krp"></div><div class="css-rue1b1"><div class="chakra-skeleton css-uu5ame"></div><div class="chakra-skeleton css-1dmuygw"></div><div class="chakra-skeleton css-1plvu8"></div></div><div class="css-qfdd9t"><div class="chakra-skeleton css-1xghl5w"></div></div></div></div><div class="css-0"><div data-testid="mini-product-tile-skeleton" class="css-zb6z58"><div class="chakra-skeleton css-12z5krp"></div><div class="css-rue1b1"><div class="chakra-skeleton css-uu5ame"></div><div class="chakra-skeleton css-1dmuygw"></div><div class="chakra-skeleton css-1plvu8"></div></div><div class="css-qfdd9t"><div class="chakra-skeleton css-1xghl5w"></div></div></div></div><div class="css-0"><div data-testid="mini-product-tile-skeleton" class="css-zb6z58"><div class="chakra-skeleton css-12z5krp"></div><div class="css-rue1b1"><div class="chakra-skeleton css-uu5ame"></div><div class="chakra-skeleton css-1dmuygw"></div><div class="chakra-skeleton css-1plvu8"></div></div><div class="css-qfdd9t"><div class="chakra-skeleton css-1xghl5w"></div></div></div></div><div class="css-0"><div data-testid="mini-product-tile-skeleton" class="css-zb6z58"><div class="chakra-skeleton css-12z5krp"></div><div class="css-rue1b1"><div class="chakra-skeleton css-uu5ame"></div><div class="chakra-skeleton css-1dmuygw"></div><div class="chakra-skeleton css-1plvu8"></div></div><div class="css-qfdd9t"><div class="chakra-skeleton css-1xghl5w"></div></div></div></div><div class="css-0"><div data-testid="mini-product-tile-skeleton" class="css-zb6z58"><div class="chakra-skeleton css-12z5krp"></div><div class="css-rue1b1"><div class="chakra-skeleton css-uu5ame"></div><div class="chakra-skeleton css-1dmuygw"></div><div class="chakra-skeleton css-1plvu8"></div></div><div class="css-qfdd9t"><div class="chakra-skeleton css-1xghl5w"></div></div></div></div><div class="css-0"><div data-testid="mini-product-tile-skeleton" class="css-zb6z58"><div class="chakra-skeleton css-12z5krp"></div><div class="css-rue1b1"><div class="chakra-skeleton css-uu5ame"></div><div class="chakra-skeleton css-1dmuygw"></div><div class="chakra-skeleton css-1plvu8"></div></div><div class="css-qfdd9t"><div class="chakra-skeleton css-1xghl5w"></div></div></div></div><div class="css-0"><div data-testid="mini-product-tile-skeleton" class="css-zb6z58"><div class="chakra-skeleton css-12z5krp"></div><div class="css-rue1b1"><div class="chakra-skeleton css-uu5ame"></div><div class="chakra-skeleton css-1dmuygw"></div><div class="chakra-skeleton css-1plvu8"></div></div><div class="css-qfdd9t"><div class="chakra-skeleton css-1xghl5w"></div></div></div></div><div class="css-0"><div data-testid="mini-product-tile-skeleton" class="css-zb6z58"><div class="chakra-skeleton css-12z5krp"></div><div class="css-rue1b1"><div class="chakra-skeleton css-uu5ame"></div><div class="chakra-skeleton css-1dmuygw"></div><div class="chakra-skeleton css-1plvu8"></div></div><div class="css-qfdd9t"><div class="chakra-skeleton css-1xghl5w"></div></div></div></div></div></div></div><div id=":ra:" class="css-0"> </div></div></section><section><div class="chakra-container css-1yvva6b" data-testid="product-carousel-skeleton"><div class="css-0"><div data-testid="headline-skeleton" class="css-1lekzkb"><div class="chakra-skeleton css-1owawte"></div><div class="chakra-skeleton css-5l70j4"></div></div><div class="css-k008qs"><div class="chakra-skeleton css-a9sh8e"></div></div></div><div class="css-1kybsb"><div data-testid="product-tile-skeleton" class="css-gjyizy"><div class="css-2eqptn"><div class="chakra-skeleton css-p3naht"></div><div class="chakra-skeleton css-1lsgna"></div></div><div class="css-8t32m0"><div class="chakra-skeleton css-iwsmz6"></div><div class="chakra-skeleton css-13fqsnp"></div><div class="chakra-skeleton css-172iylp"></div><div class="chakra-skeleton css-13fqsnp"></div></div></div><div data-testid="product-tile-skeleton" class="css-gjyizy"><div class="css-2eqptn"><div class="chakra-skeleton css-p3naht"></div><div class="chakra-skeleton css-1lsgna"></div></div><div class="css-8t32m0"><div class="chakra-skeleton css-iwsmz6"></div><div class="chakra-skeleton css-13fqsnp"></div><div class="chakra-skeleton css-172iylp"></div><div class="chakra-skeleton css-13fqsnp"></div></div></div><div data-testid="product-tile-skeleton" class="css-gjyizy"><div class="css-2eqptn"><div class="chakra-skeleton css-p3naht"></div><div class="chakra-skeleton css-1lsgna"></div></div><div class="css-8t32m0"><div class="chakra-skeleton css-iwsmz6"></div><div class="chakra-skeleton css-13fqsnp"></div><div class="chakra-skeleton css-172iylp"></div><div class="chakra-skeleton css-13fqsnp"></div></div></div><div data-testid="product-tile-skeleton" class="css-gjyizy"><div class="css-2eqptn"><div class="chakra-skeleton css-p3naht"></div><div class="chakra-skeleton css-1lsgna"></div></div><div class="css-8t32m0"><div class="chakra-skeleton css-iwsmz6"></div><div class="chakra-skeleton css-13fqsnp"></div><div class="chakra-skeleton css-172iylp"></div><div class="chakra-skeleton css-13fqsnp"></div></div></div><div data-testid="product-tile-skeleton" class="css-gjyizy"><div class="css-2eqptn"><div class="chakra-skeleton css-p3naht"></div><div class="chakra-skeleton css-1lsgna"></div></div><div class="css-8t32m0"><div class="chakra-skeleton css-iwsmz6"></div><div class="chakra-skeleton css-13fqsnp"></div><div class="chakra-skeleton css-172iylp"></div><div class="chakra-skeleton css-13fqsnp"></div></div></div><div data-testid="product-tile-skeleton" class="css-gjyizy"><div class="css-2eqptn"><div class="chakra-skeleton css-p3naht"></div><div class="chakra-skeleton css-1lsgna"></div></div><div class="css-8t32m0"><div class="chakra-skeleton css-iwsmz6"></div><div class="chakra-skeleton css-13fqsnp"></div><div class="chakra-skeleton css-172iylp"></div><div class="chakra-skeleton css-13fqsnp"></div></div></div><div data-testid="product-tile-skeleton" class="css-gjyizy"><div class="css-2eqptn"><div class="chakra-skeleton css-p3naht"></div><div class="chakra-skeleton css-1lsgna"></div></div><div class="css-8t32m0"><div class="chakra-skeleton css-iwsmz6"></div><div class="chakra-skeleton css-13fqsnp"></div><div class="chakra-skeleton css-172iylp"></div><div class="chakra-skeleton css-13fqsnp"></div></div></div><div data-testid="product-tile-skeleton" class="css-gjyizy"><div class="css-2eqptn"><div class="chakra-skeleton css-p3naht"></div><div class="chakra-skeleton css-1lsgna"></div></div><div class="css-8t32m0"><div class="chakra-skeleton css-iwsmz6"></div><div class="chakra-skeleton css-13fqsnp"></div><div class="chakra-skeleton css-172iylp"></div><div class="chakra-skeleton css-13fqsnp"></div></div></div><div data-testid="product-tile-skeleton" class="css-gjyizy"><div class="css-2eqptn"><div class="chakra-skeleton css-p3naht"></div><div class="chakra-skeleton css-1lsgna"></div></div><div class="css-8t32m0"><div class="chakra-skeleton css-iwsmz6"></div><div class="chakra-skeleton css-13fqsnp"></div><div class="chakra-skeleton css-172iylp"></div><div class="chakra-skeleton css-13fqsnp"></div></div></div><div data-testid="product-tile-skeleton" class="css-gjyizy"><div class="css-2eqptn"><div class="chakra-skeleton css-p3naht"></div><div class="chakra-skeleton css-1lsgna"></div></div><div class="css-8t32m0"><div class="chakra-skeleton css-iwsmz6"></div><div class="chakra-skeleton css-13fqsnp"></div><div class="chakra-skeleton css-172iylp"></div><div class="chakra-skeleton css-13fqsnp"></div></div></div></div></div></section><section><div class="chakra-container css-1yvva6b" data-testid="product-carousel-skeleton"><div class="css-0"><div data-testid="headline-skeleton" class="css-1lekzkb"><div class="chakra-skeleton css-1owawte"></div><div class="chakra-skeleton css-5l70j4"></div></div><div class="css-k008qs"><div class="chakra-skeleton css-a9sh8e"></div></div></div><div class="css-1kybsb"><div data-testid="product-tile-skeleton" class="css-gjyizy"><div class="css-2eqptn"><div class="chakra-skeleton css-p3naht"></div><div class="chakra-skeleton css-1lsgna"></div></div><div class="css-8t32m0"><div class="chakra-skeleton css-iwsmz6"></div><div class="chakra-skeleton css-13fqsnp"></div><div class="chakra-skeleton css-172iylp"></div><div class="chakra-skeleton css-13fqsnp"></div></div></div><div data-testid="product-tile-skeleton" class="css-gjyizy"><div class="css-2eqptn"><div class="chakra-skeleton css-p3naht"></div><div class="chakra-skeleton css-1lsgna"></div></div><div class="css-8t32m0"><div class="chakra-skeleton css-iwsmz6"></div><div class="chakra-skeleton css-13fqsnp"></div><div class="chakra-skeleton css-172iylp"></div><div class="chakra-skeleton css-13fqsnp"></div></div></div><div data-testid="product-tile-skeleton" class="css-gjyizy"><div class="css-2eqptn"><div class="chakra-skeleton css-p3naht"></div><div class="chakra-skeleton css-1lsgna"></div></div><div class="css-8t32m0"><div class="chakra-skeleton css-iwsmz6"></div><div class="chakra-skeleton css-13fqsnp"></div><div class="chakra-skeleton css-172iylp"></div><div class="chakra-skeleton css-13fqsnp"></div></div></div><div data-testid="product-tile-skeleton" class="css-gjyizy"><div class="css-2eqptn"><div class="chakra-skeleton css-p3naht"></div><div class="chakra-skeleton css-1lsgna"></div></div><div class="css-8t32m0"><div class="chakra-skeleton css-iwsmz6"></div><div class="chakra-skeleton css-13fqsnp"></div><div class="chakra-skeleton css-172iylp"></div><div class="chakra-skeleton css-13fqsnp"></div></div></div><div data-testid="product-tile-skeleton" class="css-gjyizy"><div class="css-2eqptn"><div class="chakra-skeleton css-p3naht"></div><div class="chakra-skeleton css-1lsgna"></div></div><div class="css-8t32m0"><div class="chakra-skeleton css-iwsmz6"></div><div class="chakra-skeleton css-13fqsnp"></div><div class="chakra-skeleton css-172iylp"></div><div class="chakra-skeleton css-13fqsnp"></div></div></div><div data-testid="product-tile-skeleton" class="css-gjyizy"><div class="css-2eqptn"><div class="chakra-skeleton css-p3naht"></div><div class="chakra-skeleton css-1lsgna"></div></div><div class="css-8t32m0"><div class="chakra-skeleton css-iwsmz6"></div><div class="chakra-skeleton css-13fqsnp"></div><div class="chakra-skeleton css-172iylp"></div><div class="chakra-skeleton css-13fqsnp"></div></div></div><div data-testid="product-tile-skeleton" class="css-gjyizy"><div class="css-2eqptn"><div class="chakra-skeleton css-p3naht"></div><div class="chakra-skeleton css-1lsgna"></div></div><div class="css-8t32m0"><div class="chakra-skeleton css-iwsmz6"></div><div class="chakra-skeleton css-13fqsnp"></div><div class="chakra-skeleton css-172iylp"></div><div class="chakra-skeleton css-13fqsnp"></div></div></div><div data-testid="product-tile-skeleton" class="css-gjyizy"><div class="css-2eqptn"><div class="chakra-skeleton css-p3naht"></div><div class="chakra-skeleton css-1lsgna"></div></div><div class="css-8t32m0"><div class="chakra-skeleton css-iwsmz6"></div><div class="chakra-skeleton css-13fqsnp"></div><div class="chakra-skeleton css-172iylp"></div><div class="chakra-skeleton css-13fqsnp"></div></div></div><div data-testid="product-tile-skeleton" class="css-gjyizy"><div class="css-2eqptn"><div class="chakra-skeleton css-p3naht"></div><div class="chakra-skeleton css-1lsgna"></div></div><div class="css-8t32m0"><div class="chakra-skeleton css-iwsmz6"></div><div class="chakra-skeleton css-13fqsnp"></div><div class="chakra-skeleton css-172iylp"></div><div class="chakra-skeleton css-13fqsnp"></div></div></div><div data-testid="product-tile-skeleton" class="css-gjyizy"><div class="css-2eqptn"><div class="chakra-skeleton css-p3naht"></div><div class="chakra-skeleton css-1lsgna"></div></div><div class="css-8t32m0"><div class="chakra-skeleton css-iwsmz6"></div><div class="chakra-skeleton css-13fqsnp"></div><div class="chakra-skeleton css-172iylp"></div><div class="chakra-skeleton css-13fqsnp"></div></div></div></div></div></section><section><div class="chakra-container css-1yvva6b" data-testid="menu-tile-carousel-skeleton"><div class="css-0"><div data-testid="headline-skeleton" class="css-1lekzkb"><div class="chakra-skeleton css-1owawte"></div><div class="chakra-skeleton css-5l70j4"></div></div><div class="css-k008qs"><div class="chakra-skeleton css-a9sh8e"></div></div></div><div class="css-15g2oxy"><a class="chakra-link css-14qfziv" href="#:rb:">Skip undefined</a><div class="css-10cksfv"><div class="indiana-scroll-container"><div data-testid="menu-tile-skeleton" class="css-69p6sx"><div class="chakra-skeleton css-jj5unb"></div><div class="chakra-skeleton css-10hlz2t"></div><div class="chakra-skeleton css-1ctv90n"></div></div><div data-testid="menu-tile-skeleton" class="css-69p6sx"><div class="chakra-skeleton css-jj5unb"></div><div class="chakra-skeleton css-10hlz2t"></div><div class="chakra-skeleton css-1ctv90n"></div></div><div data-testid="menu-tile-skeleton" class="css-69p6sx"><div class="chakra-skeleton css-jj5unb"></div><div class="chakra-skeleton css-10hlz2t"></div><div class="chakra-skeleton css-1ctv90n"></div></div><div data-testid="menu-tile-skeleton" class="css-69p6sx"><div class="chakra-skeleton css-jj5unb"></div><div class="chakra-skeleton css-10hlz2t"></div><div class="chakra-skeleton css-1ctv90n"></div></div><div data-testid="menu-tile-skeleton" class="css-69p6sx"><div class="chakra-skeleton css-jj5unb"></div><div class="chakra-skeleton css-10hlz2t"></div><div class="chakra-skeleton css-1ctv90n"></div></div><div data-testid="menu-tile-skeleton" class="css-69p6sx"><div class="chakra-skeleton css-jj5unb"></div><div class="chakra-skeleton css-10hlz2t"></div><div class="chakra-skeleton css-1ctv90n"></div></div><div data-testid="menu-tile-skeleton" class="css-69p6sx"><div class="chakra-skeleton css-jj5unb"></div><div class="chakra-skeleton css-10hlz2t"></div><div class="chakra-skeleton css-1ctv90n"></div></div><div data-testid="menu-tile-skeleton" class="css-69p6sx"><div class="chakra-skeleton css-jj5unb"></div><div class="chakra-skeleton css-10hlz2t"></div><div class="chakra-skeleton css-1ctv90n"></div></div><div data-testid="menu-tile-skeleton" class="css-69p6sx"><div class="chakra-skeleton css-jj5unb"></div><div class="chakra-skeleton css-10hlz2t"></div><div class="chakra-skeleton css-1ctv90n"></div></div><div data-testid="menu-tile-skeleton" class="css-69p6sx"><div class="chakra-skeleton css-jj5unb"></div><div class="chakra-skeleton css-10hlz2t"></div><div class="chakra-skeleton css-1ctv90n"></div></div><div data-testid="menu-tile-skeleton" class="css-69p6sx"><div class="chakra-skeleton css-jj5unb"></div><div class="chakra-skeleton css-10hlz2t"></div><div class="chakra-skeleton css-1ctv90n"></div></div><div data-testid="menu-tile-skeleton" class="css-69p6sx"><div class="chakra-skeleton css-jj5unb"></div><div class="chakra-skeleton css-10hlz2t"></div><div class="chakra-skeleton css-1ctv90n"></div></div><div data-testid="menu-tile-skeleton" class="css-69p6sx"><div class="chakra-skeleton css-jj5unb"></div><div class="chakra-skeleton css-10hlz2t"></div><div class="chakra-skeleton css-1ctv90n"></div></div><div data-testid="menu-tile-skeleton" class="css-69p6sx"><div class="chakra-skeleton css-jj5unb"></div><div class="chakra-skeleton css-10hlz2t"></div><div class="chakra-skeleton css-1ctv90n"></div></div><div data-testid="menu-tile-skeleton" class="css-69p6sx"><div class="chakra-skeleton css-jj5unb"></div><div class="chakra-skeleton css-10hlz2t"></div><div class="chakra-skeleton css-1ctv90n"></div></div></div></div><div id=":rb:" class="css-0"> </div></div></div></section><section><div class="chakra-container css-1yvva6b" data-testid="section"><div class="css-0"><div data-testid="headline-skeleton" class="css-1lekzkb"><div class="chakra-skeleton css-1owawte"></div><div class="chakra-skeleton css-5l70j4"></div></div><div class="css-k008qs"><div class="chakra-skeleton css-a9sh8e"></div></div></div><div data-testid="spotlight-skeleton" class="css-1sgy3jr"><div class="css-do86b6"><div class="chakra-skeleton css-6pcnng"></div><div class="css-6vln0l"><div class="chakra-skeleton css-uny4kg"></div><div class="chakra-skeleton css-y0q7fv"></div><div class="css-17xejub"></div><div class="chakra-skeleton css-1u38pz9"></div></div></div><div data-testid="product-grid" class="css-l77v97"><div class="css-0"><div data-testid="product-tile-skeleton" class="css-1vlaaab"><div class="css-2eqptn"><div class="chakra-skeleton css-p3naht"></div><div class="chakra-skeleton css-1lsgna"></div></div><div class="css-8t32m0"><div class="chakra-skeleton css-iwsmz6"></div><div class="chakra-skeleton css-13fqsnp"></div><div class="chakra-skeleton css-172iylp"></div><div class="chakra-skeleton css-13fqsnp"></div></div></div></div><div class="css-0"><div data-testid="product-tile-skeleton" class="css-1vlaaab"><div class="css-2eqptn"><div class="chakra-skeleton css-p3naht"></div><div class="chakra-skeleton css-1lsgna"></div></div><div class="css-8t32m0"><div class="chakra-skeleton css-iwsmz6"></div><div class="chakra-skeleton css-13fqsnp"></div><div class="chakra-skeleton css-172iylp"></div><div class="chakra-skeleton css-13fqsnp"></div></div></div></div><div class="css-0"><div data-testid="product-tile-skeleton" class="css-1vlaaab"><div class="css-2eqptn"><div class="chakra-skeleton css-p3naht"></div><div class="chakra-skeleton css-1lsgna"></div></div><div class="css-8t32m0"><div class="chakra-skeleton css-iwsmz6"></div><div class="chakra-skeleton css-13fqsnp"></div><div class="chakra-skeleton css-172iylp"></div><div class="chakra-skeleton css-13fqsnp"></div></div></div></div><div class="css-0"><div data-testid="product-tile-skeleton" class="css-1vlaaab"><div class="css-2eqptn"><div class="chakra-skeleton css-p3naht"></div><div class="chakra-skeleton css-1lsgna"></div></div><div class="css-8t32m0"><div class="chakra-skeleton css-iwsmz6"></div><div class="chakra-skeleton css-13fqsnp"></div><div class="chakra-skeleton css-172iylp"></div><div class="chakra-skeleton css-13fqsnp"></div></div></div></div><div class="css-0"><div data-testid="product-tile-skeleton" class="css-1vlaaab"><div class="css-2eqptn"><div class="chakra-skeleton css-p3naht"></div><div class="chakra-skeleton css-1lsgna"></div></div><div class="css-8t32m0"><div class="chakra-skeleton css-iwsmz6"></div><div class="chakra-skeleton css-13fqsnp"></div><div class="chakra-skeleton css-172iylp"></div><div class="chakra-skeleton css-13fqsnp"></div></div></div></div><div class="css-0"><div data-testid="product-tile-skeleton" class="css-1vlaaab"><div class="css-2eqptn"><div class="chakra-skeleton css-p3naht"></div><div class="chakra-skeleton css-1lsgna"></div></div><div class="css-8t32m0"><div class="chakra-skeleton css-iwsmz6"></div><div class="chakra-skeleton css-13fqsnp"></div><div class="chakra-skeleton css-172iylp"></div><div class="chakra-skeleton css-13fqsnp"></div></div></div></div></div></div></div></section><section><div class="chakra-container css-1yvva6b" data-testid="section"><div data-testid="hero-banner-skeleton" class="css-1mmkwav"><div class="chakra-stack css-trk8jf"><div class="chakra-skeleton css-1arcuy5"></div><div class="chakra-skeleton css-sa36xt"></div><div class="chakra-skeleton css-1vxsax6"></div><div class="chakra-skeleton css-1vxsax6"></div></div><div class="chakra-skeleton css-14o9jd7"></div></div></div></section><section><div class="chakra-container css-1yvva6b" data-testid="accordion-skeleton"><div class="css-k008qs"><div class="chakra-stack css-1e4lzu4"><div class="chakra-skeleton css-16lgzoz"></div><div class="chakra-skeleton css-1lsdn2q"></div><div class="chakra-skeleton css-1lsdn2q"></div></div></div></div></section><span id="__chakra_env" hidden=""></span></div></main></div><div class="site-layout__footer" data-auid="footer"><div class="site-footer-wrapper"><div class="site-footer-wrapper__footer"><footer class="site-footer" id="site-footer" role="contentinfo" aria-label="Footer"><div class="social-links"><a href="https://www.instagram.com/nofrillsca" aria-describedby="describe-link-opens-new-tab" target="_blank" rel="noopener noreferrer" class="social-links__link" data-track="footerSocialMediaLink" data-track-link-name="social-media-button-instagram" data-is-external-link="true"><img src="https://assets.shop.loblaws.ca/ContentMedia/lsl/icons/icon-sm-instagram.png" class="social-icon" alt="instagram"></a><a href="https://twitter.com/nofrillsCA" aria-describedby="describe-link-opens-new-tab" target="_blank" rel="noopener noreferrer" class="social-links__link" data-track="footerSocialMediaLink" data-track-link-name="social-media-button-twitter" data-is-external-link="true"><img src="https://assets.shop.loblaws.ca/ContentMedia/lsl/icons/icon-sm-twitter.png" class="social-icon" alt="twitter"></a><a href="https://www.facebook.com/nofrillsCA/" aria-describedby="describe-link-opens-new-tab" target="_blank" rel="noopener noreferrer" class="social-links__link" data-track="footerSocialMediaLink" data-track-link-name="social-media-button-facebook" data-is-external-link="true"><img src="https://assets.shop.loblaws.ca/ContentMedia/lsl/icons/icon-sm-facebook.png" class="social-icon" alt="facebook"></a></div><nav aria-label="Footer navigation"><div class="navigation-footer"><div class="navigation-footer__panel navigation-footer__panel--inactive" data-cruller="conditional-content-inactive"><span class="navigation-footer__panel__title navigation-footer__panel__title--text">About PC Express™</span><ul class="navigation-footer__panel__list"><li class="navigation-footer__panel__list__item"><a class="navigation-item navigation-item--navigation-footer" data-auid="click:all-about-pcx:faqs-link" data-track="data-track" data-track-link-name="about-pc-express™:faqs" href="/faq?icta=click:all-about-pcx:faqs">FAQs</a></li><li class="navigation-footer__panel__list__item"><a class="navigation-item navigation-item--navigation-footer" data-auid="click:all-about-pcx:pcx-online-grocery-link" data-track="data-track" data-track-link-name="about-pc-express™:how-it-works" href="/online-grocery-shopping?icta=click:all-about-pcx:pcx-online-grocery">How It Works</a></li><li class="navigation-footer__panel__list__item"><a class="navigation-item navigation-item--navigation-footer" data-auid="click:all-about-pcx:pickup-link" data-track="data-track" data-track-link-name="about-pc-express™:pickup" href="/online-grocery-shopping?icta=click:all-about-pcx:pickup">Pickup</a></li></ul></div><div class="navigation-footer__panel navigation-footer__panel--inactive" data-cruller="conditional-content-inactive"><span class="navigation-footer__panel__title navigation-footer__panel__title--text">Popular Categories</span><ul class="navigation-footer__panel__list"><li class="navigation-footer__panel__list__item"><a class="navigation-item navigation-item--navigation-footer" data-auid="click:shop-popular-categories:weekly-flyer-link" data-track="data-track" data-track-link-name="popular-categories:weekly-flyer" href="/deals/flyer?icta=click:shop-popular-categories:weekly-flyer">Weekly Flyer</a></li><li class="navigation-footer__panel__list__item"><a class="navigation-item navigation-item--navigation-footer" data-auid="click:shop-popular-categories:fruits-vegetables-link" data-track="data-track" data-track-link-name="popular-categories:fruits-&amp;-vegetables" href="/food/fruits-vegetables/c/28000?icta=click:shop-popular-categories:fruits-vegetables">Fruits &amp; Vegetables</a></li><li class="navigation-footer__panel__list__item"><a class="navigation-item navigation-item--navigation-footer" data-auid="click:shop-popular-categories:dairy-eggs-link" data-track="data-track" data-track-link-name="popular-categories:dairy-&amp;-eggs" href="/food/dairy-eggs/c/28003?icta=click:shop-popular-categories:dairy-eggs">Dairy &amp; Eggs</a></li><li class="navigation-footer__panel__list__item"><a class="navigation-item navigation-item--navigation-footer" data-auid="click:shop-popular-categories:pantry-link" data-track="data-track" data-track-link-name="popular-categories:pantry" href="/food/pantry/c/28006?icta=click:shop-popular-categories:pantry">Pantry</a></li><li class="navigation-footer__panel__list__item"><a class="navigation-item navigation-item--navigation-footer" data-auid="click:shop-popular-categories:meat-link" data-track="data-track" data-track-link-name="popular-categories:meat-" href="/meat/c/27998?icta=click:shop-popular-categories:meat">Meat </a></li><li class="navigation-footer__panel__list__item"><a class="navigation-item navigation-item--navigation-footer" data-auid="click:shop-popular-categories:bakery-link" data-track="data-track" data-track-link-name="popular-categories:bakery" href="/food/bakery/c/28002?icta=click:shop-popular-categories:bakery">Bakery</a></li><li class="navigation-footer__panel__list__item"><a class="navigation-item navigation-item--navigation-footer" data-auid="click:shop-popular-categories:joe-fresh-link" data-track="data-track" data-track-link-name="popular-categories:joe-fresh®" href="/joe-fresh/c/56017?icta=click:shop-popular-categories:joe-fresh">Joe Fresh®</a></li></ul></div><div class="navigation-footer__panel navigation-footer__panel--inactive" data-cruller="conditional-content-inactive"><span class="navigation-footer__panel__title navigation-footer__panel__title--text">More Services</span><ul class="navigation-footer__panel__list"><li class="navigation-footer__panel__list__item"><a class="navigation-item navigation-item--navigation-footer" data-auid="click:more-services:pcoi-link" data-track="data-track" data-track-link-name="more-services:pc-optimum-insiders™" href="/loyalty?icta=click:more-services:pcoi">PC Optimum Insiders™</a></li><li class="navigation-footer__panel__list__item"><a href="https://www.giftofchoice.ca/en/" aria-describedby="describe-link-opens-new-tab" target="_blank" rel="noopener noreferrer" class="navigation-item navigation-item--navigation-footer" data-auid="click:more-services:gift-cards-link" data-track="data-track" data-track-link-name="more-services:gift-cards" data-is-external-link="true">Gift Cards</a></li><li class="navigation-footer__panel__list__item"><a class="navigation-item navigation-item--navigation-footer" data-auid="click:more-services:pharmacy-link" data-track="data-track" data-track-link-name="more-services:pharmacy" href="/pharmacy?icta=click:more-services:pharmacy">Pharmacy</a></li><li class="navigation-footer__panel__list__item"><a href="https://www.photolab.ca/en-CA" aria-describedby="describe-link-opens-new-tab" target="_blank" rel="noopener noreferrer" class="navigation-item navigation-item--navigation-footer" data-auid="click:more-services:photo-lab-link" data-track="data-track" data-track-link-name="more-services:photo-lab" data-is-external-link="true">Photo Lab</a></li><li class="navigation-footer__panel__list__item"><a href="https://www.pcfinancial.ca/en/" aria-describedby="describe-link-opens-new-tab" target="_blank" rel="noopener noreferrer" class="navigation-item navigation-item--navigation-footer" data-auid="click:more-services:pcoi-link" data-track="data-track" data-track-link-name="more-services:pc-financial®" data-is-external-link="true">PC Financial®</a></li><li class="navigation-footer__panel__list__item"><a href="https://www.presidentschoice.ca/recipes" aria-describedby="describe-link-opens-new-tab" target="_blank" rel="noopener noreferrer" class="navigation-item navigation-item--navigation-footer" data-auid="click:more-services:recipes-link" data-track="data-track" data-track-link-name="more-services:recipes" data-is-external-link="true">Recipes</a></li></ul></div><div class="navigation-footer__panel navigation-footer__panel--inactive" data-cruller="conditional-content-inactive"><span class="navigation-footer__panel__title navigation-footer__panel__title--text">Partner with Us</span><ul class="navigation-footer__panel__list"><li class="navigation-footer__panel__list__item"><a href="https://www.loblawadvance.ca/" aria-describedby="describe-link-opens-new-tab" target="_blank" rel="noopener noreferrer" class="navigation-item navigation-item--navigation-footer" data-auid="click:partner-with-us:advertise-with-loblaw-media-link" data-track="data-track" data-track-link-name="partner-with-us:advertise-with-advance-powered-by-loblaw™" data-is-external-link="true">Advertise with Advance powered by Loblaw™</a></li></ul></div><div class="navigation-footer__panel navigation-footer__panel--inactive" data-cruller="conditional-content-inactive"><span class="navigation-footer__panel__title navigation-footer__panel__title--text">About Us</span><ul class="navigation-footer__panel__list"><li class="navigation-footer__panel__list__item"><a class="navigation-item navigation-item--navigation-footer" data-auid="click:about-us:who-we-are-link" data-track="data-track" data-track-link-name="about-us:who-we-are" href="/about?icta=click:about-us:who-we-are">Who We Are</a></li><li class="navigation-footer__panel__list__item"><a href="https://www.pcchildrenscharity.ca/" aria-describedby="describe-link-opens-new-tab" target="_blank" rel="noopener noreferrer" class="navigation-item navigation-item--navigation-footer" data-auid="click:about-us:charity-community-link" data-track="data-track" data-track-link-name="about-us:charity-&amp;-community" data-is-external-link="true">Charity &amp; Community</a></li><li class="navigation-footer__panel__list__item"><a href="https://www.loblaw.ca/en/responsibility" aria-describedby="describe-link-opens-new-tab" target="_blank" rel="noopener noreferrer" class="navigation-item navigation-item--navigation-footer" data-auid="click:about-us:corporate-social-responsibility-link" data-track="data-track" data-track-link-name="about-us:corporate-social-responsibility" data-is-external-link="true">Corporate Social Responsibility</a></li><li class="navigation-footer__panel__list__item"><a href="/our-stores?icta=click:about-us:partner-stores" aria-describedby="describe-link-opens-new-tab" target="_blank" rel="noopener noreferrer" class="navigation-item navigation-item--navigation-footer" data-auid="click:about-us:partner-stores-link" data-track="data-track" data-track-link-name="about-us:partner-stores" data-is-external-link="true">Partner stores</a></li><li class="navigation-footer__panel__list__item"><a class="navigation-item navigation-item--navigation-footer" data-auid="click:about-us:store-locator-link" data-track="data-track" data-track-link-name="about-us:store-locator" href="/store-locator?icta=click:about-us:store-locator">Store Locator</a></li><li class="navigation-footer__panel__list__item"><a class="navigation-item navigation-item--navigation-footer" data-auid="click:about-us:contact-us-link" data-track="data-track" data-track-link-name="about-us:contact-us" href="/contact-us?icta=click:about-us:contact-us">Contact Us</a></li><li class="navigation-footer__panel__list__item"><a href="https://www.loblaw.ca/en/legal/" aria-describedby="describe-link-opens-new-tab" target="_blank" rel="noopener noreferrer" class="navigation-item navigation-item--navigation-footer" data-auid="click:legal-link" data-track="data-track" data-track-link-name="about-us:legal" data-is-external-link="true">Legal</a></li><li class="navigation-footer__panel__list__item"><a href="https://www.loblaw.ca/en/life-at-loblaw" aria-describedby="describe-link-opens-new-tab" target="_blank" rel="noopener noreferrer" class="navigation-item navigation-item--navigation-footer" data-auid="click:about-us:careers-link" data-track="data-track" data-track-link-name="about-us:careers" data-is-external-link="true">Careers</a></li><li class="navigation-footer__panel__list__item"><a href="https://loblaw.force.com/nofrills/s/?language=en_US" aria-describedby="describe-link-opens-new-tab" target="_blank" rel="noopener noreferrer" class="navigation-item navigation-item--navigation-footer" data-auid="click:about-us:help-centre-link" data-track="data-track" data-track-link-name="about-us:help-centre" data-is-external-link="true">Help Centre</a></li></ul></div></div></nav><div class="content-footer"><ul class="content-footer__list"><li class="content-footer__list__item"></li><li class="content-footer__list__item"></li><li class="content-footer__list__item"><a href="https://www.loblaw.ca/en/privacy-policy" aria-describedby="describe-link-opens-new-tab" target="_blank" rel="noopener noreferrer" class="navigation-item navigation-item--content-footer__list__item__link" data-auid="privacy-policy-link" data-is-external-link="true">Privacy Policy</a></li><li class="content-footer__list__item"></li><li class="content-footer__list__item"><a href="/termsofuse?icta=click:legal:terms-of-use" aria-describedby="describe-link-opens-new-tab" target="_blank" rel="noopener noreferrer" class="navigation-item navigation-item--content-footer__list__item__link" data-auid="terms-of-use-link" data-is-external-link="true">Terms of Use*</a></li><li class="content-footer__list__item"></li><li class="content-footer__list__item"><a class="navigation-item navigation-item--content-footer__list__item__link" data-auid="accessibility-link" href="/accessibility?icta=click:legal:accessibility">Accessibility</a></li><li class="content-footer__list__item"></li><li class="content-footer__list__item"></li><li class="content-footer__list__item"><a class="navigation-item navigation-item--content-footer__list__item__link" data-auid="wont-be-beat-link" href="/wont-be-beat">WON'T BE BEAT®*</a></li><li class="content-footer__list__item"></li></ul><span class="copyright-formality">© Loblaws Inc. All Rights Reserved</span></div></footer></div></div></div><div class="screen-reader-elements"><div id="describe-link-opens-new-tab">Opens in new tab</div></div> <div class="aria-live" role="" aria-atomic="true"></div></div></div>
        <div id="privacy-policy"><div tabindex="0" aria-label="Loblaw Privacy Policy" aria-describedby="lds__privacy-policy" class="lds__privacy-policy lds__privacy-policy__positionBottom"><div class="lds__privacy-policy__innerWrapper"><div id="lds__privacy-policy"><p>We use cookies and other technologies to enable core functionality on our website(s) and to provide you with a personalized experience. For more information on cookies and how to manage your settings, visit the <a href="https://www.loblaw.ca/en/privacy.html" target="_blank" class="lds__privacy-policy__link">Loblaw Privacy Policy</a>.</p></div><button type="button" class="lds__privacy-policy__btnClose">close</button></div></div></div>
        <div class="ad-box" id="test-ad" style="position:fixed;top:0;left:0;" aria-hidden="true"></div>
        
        <script defer="" type="text/javascript" src="https://static.zuora.com/Resources/libs/hosted/1.3.1/zuora-min.js"></script>
        
        <script>
            window['ldBronxCDNPath'] = 'https://assets.loblaws.ca/pcx_bronx_fe_prod/builds/production/3.52.1/811df570/nofrills';
            window['ldBronxAppBundle'] = 'https://assets.loblaws.ca/pcx_bronx_fe_prod/builds/production/3.52.1/811df570/nofrills/nofrills-bundle.js';
        </script>
        <script src="/static/js/pcx_common.js" fetchpriority="high"></script>
        <script async="true" src="https://assets.loblaws.ca/pcx_bronx_fe_prod/builds/production/3.52.1/811df570/nofrills/nofrills-vendor.bundle.js" fetchpriority="high"></script>
    <noscript><img src="https://www.nofrills.ca/akam/13/pixel_57be3fc4?a=dD03OWM0NzJkOTkzM2ZlZDhjODI2NGZlZWUxZmE0ODcwZTE1ZTA3YTcyJmpzPW9mZg==" style="visibility: hidden; position: absolute; left: -999px; top: -999px;" /></noscript><script type="text/javascript" src="/LU0bgZX5ihMAV/i/gDlwtI98m-n3g/7wbYbNOp9i7m/IXh6AQ/PVhBNg/51FWI"></script>

<div style="display: none; visibility: hidden;">
<script>!function(b,e,f,g,a,c,d){b.fbq||(a=b.fbq=function(){a.callMethod?a.callMethod.apply(a,arguments):a.queue.push(arguments)},b._fbq||(b._fbq=a),a.push=a,a.loaded=!0,a.version="2.0",a.queue=[],c=e.createElement(f),c.async=!0,c.src=g,d=e.getElementsByTagName(f)[0],d.parentNode.insertBefore(c,d))}(window,document,"script","https://connect.facebook.net/en_US/fbevents.js");fbq("init","611159122717147");fbq("init","408759993146884");fbq("track","PageView");</script>
<noscript></noscript>
</div><div><div class="rc-drawer rc-drawer-right" tabindex="-1"><div tabindex="0" aria-hidden="true" data-sentinel="start" style="width: 0px; height: 0px; overflow: hidden; outline: none; position: absolute;"></div><div class="rc-drawer-content-wrapper" style="width: 378px; display: none;"><div class="rc-drawer-content css-0" aria-modal="true" role="dialog"><div class="css-79elbk"></div></div></div><div tabindex="0" aria-hidden="true" data-sentinel="end" style="width: 0px; height: 0px; overflow: hidden; outline: none; position: absolute;"></div></div></div><div><div class="rc-drawer rc-drawer-right" tabindex="-1"><div tabindex="0" aria-hidden="true" data-sentinel="start" style="width: 0px; height: 0px; overflow: hidden; outline: none; position: absolute;"></div><div class="rc-drawer-content-wrapper" style="width: 378px; display: none;"><div class="rc-drawer-content css-0" aria-modal="true" role="dialog"><div class="css-79elbk"></div></div></div><div tabindex="0" aria-hidden="true" data-sentinel="end" style="width: 0px; height: 0px; overflow: hidden; outline: none; position: absolute;"></div></div></div><div style="display: none; visibility: hidden;">
<script>!function(b,e,f,g,a,c,d){b.fbq||(a=b.fbq=function(){a.callMethod?a.callMethod.apply(a,arguments):a.queue.push(arguments)},b._fbq||(b._fbq=a),a.push=a,a.loaded=!0,a.version="2.0",a.queue=[],c=e.createElement(f),c.async=!0,c.src=g,d=e.getElementsByTagName(f)[0],d.parentNode.insertBefore(c,d))}(window,document,"script","https://connect.facebook.net/en_US/fbevents.js");fbq("init","611159122717147");fbq("init","408759993146884");fbq("track","PageView");</script>
<noscript></noscript>
</div>

<script type="text/javascript" id="">window.cj||(window.cj={});cj.sitePage={enterpriseId:1564128,pageType:google_tag_manager["rm"]["11053470"](8),userId:google_tag_manager["rm"]["11053470"](9),items:google_tag_manager["rm"]["11053470"](11)};</script>
<script type="text/javascript" id="">(function(b,d,c,a){b="https://www.mczbf.com/tags/238334430579/tag.js";d=document;c="script";a=d.createElement(c);a.src=b;a.type="text/java"+c;a.async=!0;a.id="cjapitag";b=d.getElementsByTagName(c)[0];b.parentNode.insertBefore(a,b)})();</script>

 <script type="text/javascript" id="">!function(d,g,e){d.TiktokAnalyticsObject=e;var a=d[e]=d[e]||[];a.methods="page track identify instances debug on off once ready alias group enableCookie disableCookie".split(" ");a.setAndDefer=function(b,c){b[c]=function(){b.push([c].concat(Array.prototype.slice.call(arguments,0)))}};for(d=0;d<a.methods.length;d++)a.setAndDefer(a,a.methods[d]);a.instance=function(b){b=a._i[b]||[];for(var c=0;c<a.methods.length;c++)a.setAndDefer(b,a.methods[c]);return b};a.load=function(b,c){var f="https://analytics.tiktok.com/i18n/pixel/events.js";
a._i=a._i||{};a._i[b]=[];a._i[b]._u=f;a._t=a._t||{};a._t[b]=+new Date;a._o=a._o||{};a._o[b]=c||{};c=document.createElement("script");c.type="text/javascript";c.async=!0;c.src=f+"?sdkid\x3d"+b+"\x26lib\x3d"+e;b=document.getElementsByTagName("script")[0];b.parentNode.insertBefore(c,b)};a.load("C2EM3DIQV140ORDIO5L0");a.page()}(window,document,"ttq");</script><script type="text/javascript" id="" src="https://resources.digital-cloud.medallia.ca/wdccan/3970/onsite/embed.js"></script><script type="text/javascript" async="" src="https://resources.digital-cloud.medallia.ca/wdccan/3970/onsite/generic1715765895702.js" charset="UTF-8"></script><iframe allow="join-ad-interest-group" data-tagging-id="AW-10899923854/cIuBCL6D8ZAYEI7Hvs0o" data-load-time="1717766873315" height="0" width="0" src="https://td.doubleclick.net/td/rul/10899923854?random=1717766873311&amp;cv=11&amp;fst=1717766873311&amp;fmt=3&amp;bg=ffffff&amp;guid=ON&amp;async=1&amp;gtm=45be4650v897840925z8811053470za201zb811053470&amp;gcd=13l3l3l3l1&amp;dma=0&amp;tag_exp=0&amp;u_w=1920&amp;u_h=1080&amp;url=https%3A%2F%2Fwww.nofrills.ca%2F&amp;label=cIuBCL6D8ZAYEI7Hvs0o&amp;hn=www.googleadservices.com&amp;frm=0&amp;tiba=No%20Frills%20%7C%20Online%20Grocery%20Shopping%20%3A%20Pickup%20%26%20Delivery&amp;value=0&amp;bttype=purchase&amp;npa=0&amp;auid=1265365183.1717766873&amp;uaa=arm&amp;uab=64&amp;uafvl=Google%2520Chrome%3B125.0.6422.142%7CChromium%3B125.0.6422.142%7CNot.A%252FBrand%3B24.0.0.0&amp;uamb=0&amp;uam=&amp;uap=macOS&amp;uapv=14.5.0&amp;uaw=0&amp;fledge=1&amp;capi=1&amp;ct_cookie_present=0" style="display: none; visibility: hidden;"></iframe><script type="text/javascript" id="">window.KAMPYLE_ONSITE_SDK&&"function"===typeof window.KAMPYLE_ONSITE_SDK.updatePageView&&window.KAMPYLE_ONSITE_SDK.updatePageView();</script><style title="MDigital_animationStyle"></style><iframe allow="join-ad-interest-group" data-tagging-id="G-B9WFKJZHQ5" data-load-time="1717766873489" height="0" width="0" src="https://td.doubleclick.net/td/ga/rul?tid=G-B9WFKJZHQ5&amp;gacid=2143347565.1717766873&amp;gtm=45je4650v874079997z8811053470za200zb811053470&amp;dma=0&amp;gcd=13l3l3l3l1&amp;npa=0&amp;pscdl=&amp;aip=1&amp;fledge=1&amp;frm=0&amp;z=1663940370" style="display: none; visibility: hidden;"></iframe><div style="display: none; visibility: hidden;">
<script>!function(b,e,f,g,a,c,d){b.fbq||(a=b.fbq=function(){a.callMethod?a.callMethod.apply(a,arguments):a.queue.push(arguments)},b._fbq||(b._fbq=a),a.push=a,a.loaded=!0,a.version="2.0",a.queue=[],c=e.createElement(f),c.async=!0,c.src=g,d=e.getElementsByTagName(f)[0],d.parentNode.insertBefore(c,d))}(window,document,"script","https://connect.facebook.net/en_US/fbevents.js");fbq("init","611159122717147");fbq("init","408759993146884");fbq("track","PageView");</script>
<noscript></noscript>
</div>

<script type="text/javascript" id="">window.cj||(window.cj={});cj.sitePage={enterpriseId:1564128,pageType:google_tag_manager["rm"]["11053470"](20),userId:google_tag_manager["rm"]["11053470"](21),items:google_tag_manager["rm"]["11053470"](23)};</script>
<script type="text/javascript" id="">(function(b,d,c,a){b="https://www.mczbf.com/tags/238334430579/tag.js";d=document;c="script";a=d.createElement(c);a.src=b;a.type="text/java"+c;a.async=!0;a.id="cjapitag";b=d.getElementsByTagName(c)[0];b.parentNode.insertBefore(a,b)})();</script>

 <script type="text/javascript" id="">!function(d,g,e){d.TiktokAnalyticsObject=e;var a=d[e]=d[e]||[];a.methods="page track identify instances debug on off once ready alias group enableCookie disableCookie".split(" ");a.setAndDefer=function(b,c){b[c]=function(){b.push([c].concat(Array.prototype.slice.call(arguments,0)))}};for(d=0;d<a.methods.length;d++)a.setAndDefer(a,a.methods[d]);a.instance=function(b){b=a._i[b]||[];for(var c=0;c<a.methods.length;c++)a.setAndDefer(b,a.methods[c]);return b};a.load=function(b,c){var f="https://analytics.tiktok.com/i18n/pixel/events.js";
a._i=a._i||{};a._i[b]=[];a._i[b]._u=f;a._t=a._t||{};a._t[b]=+new Date;a._o=a._o||{};a._o[b]=c||{};c=document.createElement("script");c.type="text/javascript";c.async=!0;c.src=f+"?sdkid\x3d"+b+"\x26lib\x3d"+e;b=document.getElementsByTagName("script")[0];b.parentNode.insertBefore(c,b)};a.load("C2EM3DIQV140ORDIO5L0");a.page()}(window,document,"ttq");</script><iframe allow="join-ad-interest-group" data-tagging-id="AW-10899923854/cIuBCL6D8ZAYEI7Hvs0o" data-load-time="1717766873794" height="0" width="0" src="https://td.doubleclick.net/td/rul/10899923854?random=1717766873793&amp;cv=11&amp;fst=1717766873793&amp;fmt=3&amp;bg=ffffff&amp;guid=ON&amp;async=1&amp;gtm=45be4650v897840925z8811053470za201zb811053470&amp;gcd=13l3l3l3l1&amp;dma=0&amp;tag_exp=0&amp;u_w=1920&amp;u_h=1080&amp;url=https%3A%2F%2Fwww.nofrills.ca%2F&amp;label=cIuBCL6D8ZAYEI7Hvs0o&amp;hn=www.googleadservices.com&amp;frm=0&amp;tiba=%7C%20No%20Frills%20Online&amp;value=0&amp;ga_uid=G-B9WFKJZHQ5.anonymous&amp;bttype=purchase&amp;npa=0&amp;auid=1265365183.1717766873&amp;uaa=arm&amp;uab=64&amp;uafvl=Google%2520Chrome%3B125.0.6422.142%7CChromium%3B125.0.6422.142%7CNot.A%252FBrand%3B24.0.0.0&amp;uamb=0&amp;uam=&amp;uap=macOS&amp;uapv=14.5.0&amp;uaw=0&amp;fledge=1&amp;capi=1&amp;ct_cookie_present=0" style="display: none; visibility: hidden;"></iframe><script type="text/javascript" id="" src="https://resources.digital-cloud.medallia.ca/wdccan/3970/onsite/embed.js"></script><script type="text/javascript" id="">window.KAMPYLE_ONSITE_SDK&&"function"===typeof window.KAMPYLE_ONSITE_SDK.updatePageView&&window.KAMPYLE_ONSITE_SDK.updatePageView();</script><span id="MDigitalLightboxWrapper"><div id="kampyleFormContainer" style="top:0 !important;left:0 !important;width: 100% !important;height: 100% !important;position: fixed !important;visibility:hidden !important;display:table !important;background-color: rgba(102,102,102,0.4) !important;z-index:99999999 !important;-webkit-overflow-scrolling: touch !important; "> <div id="innerContainer">   <div id="kampyleFormModal" style="z-index:99999999 !important; -webkit-overflow-scrolling: touch !important;"><iframe id="kampyleForm340" src="https://resources.digital-cloud.medallia.ca/wdccan/3970/forms/340/form1715765885279.html?formId=340&amp;type=live&amp;isMobile=false&amp;referrer=https%3A%2F%2Fwww.nofrills.ca%2F&amp;region=digital-cloud-can&amp;isWCAG=true&amp;displayType=lightbox&amp;isSeparateFormTemplateFromData=true&amp;domainsListRelativePath=..%7C..%7C..%7C..%7Cwdccan%2F3970%2Fonsite" tabindex="-1" title="Feedback Survey" origin="https://resources.digital-cloud.medallia.ca" style="border: 0px !important; height: 100% !important; max-height: 100% !important; min-height: 100% !important; width: 100% !important; max-width: 100% !important; min-width: 100% !important; display: none !important; position: fixed !important;"></iframe></div> <div id="MDigital_spinnerContainer" class="neb-loading-spinner" style="display: none; height: 100% !important; z-index: 2147483647 !important; position: absolute !important; width: 100% !important; top: 0px !important;"><div id="MDigital_spinnerCircle" style="border-width: 4px !important; border-style: solid !important; border-color: rgb(64, 80, 198) rgb(243, 243, 243) rgb(243, 243, 243) !important; border-image: initial !important; border-radius: 50% !important; width: 40px !important; height: 40px !important; margin-top: 5px !important; margin-right: 5px !important; top: calc(50% - 24px) !important; left: calc(50% - 24px) !important; position: relative !important; animation: 1s linear 0s infinite normal none running MDigital_spin !important;"></div></div></div></div></span><div id="kampyle_abandon_zone" style="width: 100%; height: 5px; z-index: 9999999; position: fixed; top: 0px;"></div><div class="chakra-portal"><ul role="region" aria-live="polite" id="chakra-toast-manager-top" style="position: fixed; z-index: 5500; pointer-events: none; display: flex; flex-direction: column; margin: 0px auto; top: env(safe-area-inset-top, 0px); right: env(safe-area-inset-right, 0px); left: env(safe-area-inset-left, 0px);"></ul><ul role="region" aria-live="polite" id="chakra-toast-manager-top-left" style="position: fixed; z-index: 5500; pointer-events: none; display: flex; flex-direction: column; top: env(safe-area-inset-top, 0px); left: env(safe-area-inset-left, 0px);"></ul><ul role="region" aria-live="polite" id="chakra-toast-manager-top-right" style="position: fixed; z-index: 5500; pointer-events: none; display: flex; flex-direction: column; top: env(safe-area-inset-top, 0px); right: env(safe-area-inset-right, 0px);"></ul><ul role="region" aria-live="polite" id="chakra-toast-manager-bottom-left" style="position: fixed; z-index: 5500; pointer-events: none; display: flex; flex-direction: column; bottom: env(safe-area-inset-bottom, 0px); left: env(safe-area-inset-left, 0px);"></ul><ul role="region" aria-live="polite" id="chakra-toast-manager-bottom" style="position: fixed; z-index: 5500; pointer-events: none; display: flex; flex-direction: column; margin: 0px auto; bottom: env(safe-area-inset-bottom, 0px); right: env(safe-area-inset-right, 0px); left: env(safe-area-inset-left, 0px);"></ul><ul role="region" aria-live="polite" id="chakra-toast-manager-bottom-right" style="position: fixed; z-index: 5500; pointer-events: none; display: flex; flex-direction: column; bottom: env(safe-area-inset-bottom, 0px); right: env(safe-area-inset-right, 0px);"></ul></div><div class="chakra-portal"><ul role="region" aria-live="polite" id="chakra-toast-manager-top" style="position: fixed; z-index: 5500; pointer-events: none; display: flex; flex-direction: column; margin: 0px auto; top: env(safe-area-inset-top, 0px); right: env(safe-area-inset-right, 0px); left: env(safe-area-inset-left, 0px);"></ul><ul role="region" aria-live="polite" id="chakra-toast-manager-top-left" style="position: fixed; z-index: 5500; pointer-events: none; display: flex; flex-direction: column; top: env(safe-area-inset-top, 0px); left: env(safe-area-inset-left, 0px);"></ul><ul role="region" aria-live="polite" id="chakra-toast-manager-top-right" style="position: fixed; z-index: 5500; pointer-events: none; display: flex; flex-direction: column; top: env(safe-area-inset-top, 0px); right: env(safe-area-inset-right, 0px);"></ul><ul role="region" aria-live="polite" id="chakra-toast-manager-bottom-left" style="position: fixed; z-index: 5500; pointer-events: none; display: flex; flex-direction: column; bottom: env(safe-area-inset-bottom, 0px); left: env(safe-area-inset-left, 0px);"></ul><ul role="region" aria-live="polite" id="chakra-toast-manager-bottom" style="position: fixed; z-index: 5500; pointer-events: none; display: flex; flex-direction: column; margin: 0px auto; bottom: env(safe-area-inset-bottom, 0px); right: env(safe-area-inset-right, 0px); left: env(safe-area-inset-left, 0px);"></ul><ul role="region" aria-live="polite" id="chakra-toast-manager-bottom-right" style="position: fixed; z-index: 5500; pointer-events: none; display: flex; flex-direction: column; bottom: env(safe-area-inset-bottom, 0px); right: env(safe-area-inset-right, 0px);"></ul></div></body><div style="display: none;"></div><iframe id="ce_proto_iframe" title="CrazyEgg Tracking iframe" style="display: none;"></iframe><iframe id="KoPDOyc592HSecAn" style="display: none;"></iframe><div style="display: none;"></div></html>