<html lang="en" data-iceberg-theme="loblaw" data-mobile-menu-state="inactive" data-desktop-menu-state="inactive" data-modal-state="inactive" data-drawer-state="inactive" data-media="d3" data-loading-state="false" data-notice="inactive" data-fulfillment-mode-state="inactive" data-is-touch-enabled="false" data-theme="light" style="color-scheme: light;"><head>
        <meta charset="UTF-8">
        
            <meta name="viewport" content="width=device-width,initial-scale=1">
        
        <title>Loblaws | Online Grocery Shopping : Pickup &amp; Delivery</title>
        <meta name="google-site-verification" content="kpVyoiC6EzHMVv841lc3nhxnOGd8TsAGzTcK7alBaAg">
        
        
            <link rel="preconnect" href="https://data.signalayer.com">
            <link rel="preconnect" href="https://cdn.signalayer.com">
            <link rel="preconnect" href="https://t.signalayer.com">
            <link rel="preconnect" href="https://www.googletagmanager.com">
        
        <link rel="preconnect" href="https://dis-prod.assetful.loblaw.ca">
        <link rel="preconnect" href="https://cdn.contentful.com">
        <link rel="preconnect" href="https://assets.shop.loblaws.ca">
        <link rel="preconnect" href="https://d3rzy2hoo29vi.cloudfront.net">
        <link rel="preconnect" href="https://assets-platform.loblaws.ca">
        
            <link rel="preconnect" href="https://assets.loblaws.ca">
        
        
        <link rel="preload" as="script" href="https://www.loblaws.ca/public/e1a9365d171608a072ac65c2c541b29d73075b0f5cc8"><link rel="preload" as="font" crossorigin="crossorigin" type="font/opentype" href="https://assets.loblaws.ca/pcx_bronx_fe_assets/fonts/noir/noirpro-regular.otf" fetchpriority="high">
        <link rel="preload" as="font" crossorigin="crossorigin" type="font/opentype" href="https://assets.loblaws.ca/pcx_bronx_fe_assets/fonts/noir/noirpro-semibold.otf" fetchpriority="high">

        
        <link type="image/x-icon" rel="shortcut icon" href="https://assets.shop.loblaws.ca/ContentMedia/lsl/logos/64x64icon.ico" media="all">
        <link type="image/x-icon" rel="apple-touch-icon" href="https://assets.shop.loblaws.ca/ContentMedia/pvg/icons/pcx_app_icon.jpg">
        <link type="image/x-icon" rel="android-touch-icon" href="https://assets.shop.loblaws.ca/ContentMedia/pvg/icons/pcx_app_icon.jpg">
        <link type="image/x-icon" rel="windows-touch-icon" href="https://assets.shop.loblaws.ca/ContentMedia/pvg/icons/pcx_app_icon.jpg">

        
            
            <script src="https://script.crazyegg.com/pages/versioned/tracking-scripts/cf002f9117e70ef1a1dd0008c9c1be41.js" type="text/javascript" async=""></script><script type="text/javascript" async="" src="https://analytics.tiktok.com/i18n/pixel/static/identify_ce1d8843.js"></script><script src="https://script.crazyegg.com/pages/versioned/trackingpagestate-scripts/ca6be1649b2c6bd5aa79ebaa229fa676.js" type="text/javascript" async=""></script><script type="text/javascript" async="" src="https://analytics.tiktok.com/i18n/pixel/static/main.MWU2NDEzYzJiMA.js" data-id="C2EM3DIQV140ORDIO5L0"></script><script src="https://script.crazyegg.com/pages/versioned/common-scripts/1cb0fe96622d360e640b6ca18b5ba2ec.js" type="text/javascript" async=""></script><script type="text/javascript" async="" src="https://analytics.tiktok.com/i18n/pixel/events.js?sdkid=C2EM3DIQV140ORDIO5L0&amp;lib=ttq"></script><script src="https://www.mczbf.com/tags/238334430579/tag.js" type="text/javascript" async="" id="cjapitag"></script><script type="text/javascript" async="" src="https://o2.ecdrsvc.com/?site=10007&amp;page=aam_cm"></script><script type="text/javascript" async="" src="https://api.bluecore.com/triggermail.js/loblaws_cc.js"></script><script type="text/javascript" async="" src="https://script.crazyegg.com/pages/scripts/0072/5611.js"></script><script type="text/javascript" async="" src="https://www.google-analytics.com/analytics.js"></script><script type="text/javascript" async="" src="https://www.googletagmanager.com/gtag/js?id=G-B9WFKJZHQ5&amp;l=dataLayer&amp;cx=c"></script><script src="https://cdn.signalayer.com/static/player.js" type="text/javascript" async=""></script><script src="https://connect.facebook.net/signals/config/408759993146884?v=2.9.161&amp;r=stable&amp;domain=www.loblaws.ca&amp;hme=e67e7d148043b3a377ad0eb1c82669792a67ba5e3bb5734b69e611ae38f939ca&amp;ex_m=68%2C115%2C102%2C106%2C59%2C3%2C95%2C67%2C15%2C92%2C85%2C49%2C52%2C163%2C166%2C178%2C174%2C175%2C177%2C28%2C96%2C51%2C74%2C176%2C158%2C161%2C171%2C172%2C179%2C124%2C39%2C33%2C136%2C14%2C48%2C184%2C183%2C126%2C17%2C38%2C1%2C41%2C63%2C64%2C65%2C69%2C89%2C16%2C13%2C91%2C88%2C87%2C103%2C50%2C105%2C37%2C104%2C29%2C25%2C159%2C162%2C133%2C27%2C10%2C11%2C12%2C5%2C6%2C24%2C21%2C22%2C55%2C60%2C62%2C72%2C97%2C26%2C73%2C8%2C7%2C77%2C46%2C20%2C99%2C98%2C100%2C93%2C9%2C19%2C18%2C82%2C54%2C80%2C32%2C71%2C0%2C90%2C31%2C79%2C84%2C45%2C44%2C83%2C36%2C4%2C86%2C78%2C42%2C34%2C81%2C2%2C35%2C61%2C40%2C101%2C43%2C76%2C66%2C107%2C58%2C57%2C30%2C94%2C56%2C53%2C47%2C75%2C70%2C23%2C108%2C190%2C189%2C191%2C196%2C197%2C198%2C194%2C186%2C125%2C128%2C127%2C155%2C185%2C187%2C116%2C130%2C149%2C138%2C143%2C180%2C122%2C222%2C109%2C120%2C121%2C223%2C157%2C113%2C129%2C117%2C146" async=""></script><script src="https://connect.facebook.net/signals/config/611159122717147?v=2.9.161&amp;r=stable&amp;domain=www.loblaws.ca&amp;hme=e67e7d148043b3a377ad0eb1c82669792a67ba5e3bb5734b69e611ae38f939ca&amp;ex_m=68%2C115%2C102%2C106%2C59%2C3%2C95%2C67%2C15%2C92%2C85%2C49%2C52%2C163%2C166%2C178%2C174%2C175%2C177%2C28%2C96%2C51%2C74%2C176%2C158%2C161%2C171%2C172%2C179%2C124%2C39%2C33%2C136%2C14%2C48%2C184%2C183%2C126%2C17%2C38%2C1%2C41%2C63%2C64%2C65%2C69%2C89%2C16%2C13%2C91%2C88%2C87%2C103%2C50%2C105%2C37%2C104%2C29%2C25%2C159%2C162%2C133%2C27%2C10%2C11%2C12%2C5%2C6%2C24%2C21%2C22%2C55%2C60%2C62%2C72%2C97%2C26%2C73%2C8%2C7%2C77%2C46%2C20%2C99%2C98%2C100%2C93%2C9%2C19%2C18%2C82%2C54%2C80%2C32%2C71%2C0%2C90%2C31%2C79%2C84%2C45%2C44%2C83%2C36%2C4%2C86%2C78%2C42%2C34%2C81%2C2%2C35%2C61%2C40%2C101%2C43%2C76%2C66%2C107%2C58%2C57%2C30%2C94%2C56%2C53%2C47%2C75%2C70%2C23%2C108" async=""></script><script async="" src="https://connect.facebook.net/en_US/fbevents.js"></script><script async="" src="https://www.googletagmanager.com/gtm.js?id=GTM-NPWHZ7F"></script><script type="text/javascript" src="https://www.loblaws.ca/public/e1a9365d171608a072ac65c2c541b29d73075b0f5cc8"></script><script>
                !function(e,t,a,n,g){e[n]=e[n]||[],e[n].push({"gtm.start":(new Date).getTime(),event:"gtm.js"});var m=t.getElementsByTagName(a)[0],r=t.createElement(a);r.async=!0,r.src="https://www.googletagmanager.com/gtm.js?id=GTM-NPWHZ7F",m.parentNode.insertBefore(r,m)}(window,document,"script","dataLayer");
            </script>
        
        
        
        
        
        

        
        <link type="text/css" rel="stylesheet" href="https://assets.loblaws.ca/pcx_bronx_fe_prod/builds/production/3.53.6/8bd42f38/loblaws/loblaws-bundle.css" fetchpriority="high">

        
        <script async="" src="https://securepubads.g.doubleclick.net/tag/js/gpt.js"></script>
        
        <script async="true" type="text/javascript">
    function detectAdBlock() {
        const googleAdUrl = 'https://pagead2.googlesyndication.com/pagead/js/adsbygoogle.js';
        try {
            fetch(new Request(googleAdUrl)).catch(_ => dataLayer.push({'event':'AdBlocker'}));
        } catch (e) { 
            dataLayer.push({'event':'AdBlocker'}); 
        }
    }
    if (dataLayer) {
        detectAdBlock();
    }
</script>
        <script async="true" type="text/javascript">
    document.cookie = `lastVisited=${+Date.now()}; SameSite=None; Path=/; Secure; Max-Age=1707109200;`;
</script>

       
       
        
            <meta name="apple-itunes-app" content="app-id=1194066746, affiliate-data=ct=smart-app-banner&amp;pt=1384326">
            <meta name="google-play-app" content="app-id=pc.express.grocery.pickup&amp;hl=en_CA">
        
        
        
        
        
        
            <script type="text/javascript">
	// Duration in milliseconds to wait while the Kameleoon application file is loaded
	var kameleoonLoadingTimeout = 1000;

	window.kameleoonQueue = window.kameleoonQueue || [];
	window.kameleoonQueue.push({
		level: "IMMEDIATE",
		command: () => ((localStorage.getItem("sp_domain_userid")) && Kameleoon.API.Visitor.setVisitorCode(localStorage.getItem("sp_domain_userid")))
	});
	kameleoonQueue.push(function() {
		Kameleoon.API.Data.setCustomData("sp_app_id", "pcexpress-web-prod");
		// The following Snowplow custom data is being set within bronx under `client/app/store/kameleoon/kameleoonService.js - line 16-18`
		(localStorage.getItem("sp_domain_userid")) && Kameleoon.API.Data.setCustomData("sp_domain_userid", localStorage.getItem("sp_domain_userid"));
		(localStorage.getItem("sp_domain_sessionid")) && Kameleoon.API.Data.setCustomData("sp_domain_sessionid", localStorage.getItem("sp_domain_sessionid"));
		(localStorage.getItem("sp_custom_context_1")) && Kameleoon.API.Data.setCustomData("sp_custom_context_1", localStorage.getItem("sp_custom_context_1"));

	});
	window.kameleoonStartLoadTime = new Date().getTime();
	if (! document.getElementById("kameleoonLoadingStyleSheet") && ! window.kameleoonDisplayPageTimeOut)
	{
		var kameleoonS = document.getElementsByTagName("script")[0];
		var kameleoonCc = "* { visibility: hidden !important; background-image: none !important; }";
		var kameleoonStn = document.createElement("style");
		kameleoonStn.type = "text/css";
		kameleoonStn.id = "kameleoonLoadingStyleSheet";
		if (kameleoonStn.styleSheet)
		{
			kameleoonStn.styleSheet.cssText = kameleoonCc;
		}
		else
		{
			kameleoonStn.appendChild(document.createTextNode(kameleoonCc));
		}
		kameleoonS.parentNode.insertBefore(kameleoonStn, kameleoonS);
		window.kameleoonDisplayPage = function(fromEngine)
		{
			if (!fromEngine)
			{
				window.kameleoonTimeout = true;
			}
			if (kameleoonStn.parentNode)
			{
				kameleoonStn.parentNode.removeChild(kameleoonStn);
			}
		};
		window.kameleoonDisplayPageTimeOut = window.setTimeout(window.kameleoonDisplayPage, kameleoonLoadingTimeout);
	}
</script>
<script type="text/javascript" src="//0u99zf5tcp.kameleoon.eu/kameleoon.js" fetchpriority="high" async="true"></script>
        
        
            
    <script src="https://cdn.cookielaw.org/scripttemplates/otSDKStub.js" data-document-language="true" type="text/javascript" charset="UTF-8" data-domain-script="018df550-b40e-7347-b578-fdb1edbfcb4f"></script>
    <script type="text/javascript">
    function OptanonWrapper() {
        // configure UI
        if (document.getElementById('onetrust-banner-sdk') && document.getElementById("onetrust-pc-btn-handler")) {
            // Get the buttons and container
            var acceptBtn = document.getElementById("onetrust-accept-btn-handler");
            var cookieSettingsBtn = document.getElementById("onetrust-pc-btn-handler");
            var btnContainer = document.getElementById("onetrust-button-group");
            // Set the order you want below...
            btnContainer.append(acceptBtn, cookieSettingsBtn)
        }
        if (document.getElementById('onetrust-pc-sdk')) {
            //removing accept all button 
            document.getElementById('accept-recommended-btn-handler') && document.getElementById('accept-recommended-btn-handler').remove();
        }

        if (typeof OptanonWrapperCount == "undefined") {
            otGetInitialGrps();
        }

        otDeleteCookie(otIniGrps);

        function otGetInitialGrps() {
            OptanonWrapperCount = "";
            otIniGrps = OnetrustActiveGroups;
        }

        function otDeleteCookie(iniOptGrpId) {
            var otDomainGrps = JSON.parse(JSON.stringify(Optanon.GetDomainData().Groups));
            var otDeletedGrpIds = otGetInactiveId(iniOptGrpId, OnetrustActiveGroups);

            if (iniOptGrpId.length != 0 && OnetrustActiveGroups.length != 0 && iniOptGrpId.length < OnetrustActiveGroups.length && ifNewCategoryConsented(iniOptGrpId, OnetrustActiveGroups)) {
                window.location.reload();
            } else if (otDeletedGrpIds.length != 0 && otDomainGrps.length != 0) {
                for (var i = 0; i < otDomainGrps.length; i++) {
                    if (otDomainGrps[i]["CustomGroupId"] != "" && otDeletedGrpIds.includes(otDomainGrps[i]["CustomGroupId"])) {
                        for (var j = 0; j < otDomainGrps[i]["Cookies"].length; j++) {
                            var my_cookie_list = document.cookie.split("; ");
                            for (var k = 0; k < my_cookie_list.length; k++) {
                                var temp_cookie = my_cookie_list[k].split("\x3d")[0];
                                if (temp_cookie.includes(otDomainGrps[i]["Cookies"][j]["Name"]) && temp_cookie.startsWith(otDomainGrps[i]["Cookies"][j]["Name"])) {
                                    eraseCookie(temp_cookie);
                                }
                            }
                            eraseCookie(otDomainGrps[i]["Cookies"][j]["Name"]);
                        }
                        window.location.reload();
                    }
                }
            }
            otGetInitialGrps();
        }

        function otGetInactiveId(customIniId, otActiveGrp) {
            customIniId = customIniId.split(",");
            customIniId = customIniId.filter(Boolean);
            otActiveGrp = otActiveGrp.split(",");
            otActiveGrp = otActiveGrp.filter(Boolean);
            var result = [];
            for (var i = 0; i < customIniId.length; i++) {
                if (otActiveGrp.indexOf(customIniId[i]) <= -1) {
                    result.push(customIniId[i]);
                }
            }
            return result;
        }

        function ifNewCategoryConsented(customIniId, otActiveGrp) {
            customIniId = customIniId.split(",");
            customIniId = customIniId.filter(Boolean);
            otActiveGrp = otActiveGrp.split(",");
            otActiveGrp = otActiveGrp.filter(Boolean);
            return customIniId.every(v => otActiveGrp.includes(v));
        }

        function eraseCookie(name) {
            domainName = window.location.hostname;
            document.cookie = name + "=; Max-Age=-99999999; Path=/;Domain=" + domainName;
            document.cookie = name + "=; Max-Age=-99999999; Path=/;";
            // create list of domains used on all banners
            var my_domains = [
                "assets.loblaws.ca",
                "sentry-prod.loblaw.digital",
                ".contentful.com",
                ".pcexpress.ca",
                ".loblaw.ca",
                ".loblaw.digital",
                ".loblaws.ca",
                ".zuora.com",
            ];
            // get banner-specific domains
            var hostName = "loblaws";
            if (hostName === "rapid") {
                my_domains = my_domains.concat([
                    "rapid.pcexpress.ca",
                    ".rapid.pcexpress.ca",
                    "local.rapid.ca",
                    "preprod.rapid.pcexpress.ca/"
                ]);
            } else {
                my_domains = my_domains.concat([
                    "local." + hostName + ".ca",
                    "." + hostName + ".ca",
                    "www." + hostName + ".ca",
                    "www.preprod." + hostName + ".ca",
                    ".preprod." + hostName + ".ca"
                ]);
            }
            for (var k = 0; k < my_domains.length; k++) {
                document.cookie = name + "=; Max-Age=-99999999; Path=/;Domain=" + my_domains[k];
            }
            localStorage.removeItem(name);
            pathArray = window.location.pathname.split("/");
            for (var i = 0; i < pathArray.length; i++) {
                if (pathArray[i]) {
                    var currentPath = pathArray.slice(0, i + 1).join("/");
                    document.cookie = name + "=; Max-Age=-99999999; Path=" + currentPath + ";Domain=" + domainName;
                    document.cookie = name + "=; Max-Age=-99999999; Path=" + currentPath + ";";
                    document.cookie = name + "=; Max-Age=-99999999; Path=" + currentPath + "/;Domain=" + domainName;
                    document.cookie = name + "=; Max-Age=-99999999; Path=" + currentPath + "/;";
                }
            }
        }
    }
</script>


        
        
        <script>
            /* App Engine Check */
            window['ldBronxAppEngine'] = true;
            /* The cumulative app settings */
            window['ldBronxAppSettings'] = {
                appData: {"slug":"site-settings-loblaw","seoTitle":"Loblaws Supermarket | Grocery shop online or instore","appBuild":"production","appVersion":"3.53.6+8bd42f38","assetUrlPrefix":"https://d3rzy2hoo29vi.cloudfront.net/builds","gcpAssetUrlPrefix":"https://assets.loblaws.ca/pcx_bronx_fe_prod/builds","useGcpAssetUrl":true,"staticAssetPath":"https://assets.shop.loblaws.ca/ContentMedia","heartbeatPollFrequency":30,"appVersionPollFrequency":300,"adobeTargetAssetPath":"https://d3rzy2hoo29vi.cloudfront.net/assets/js/at_v1.js","isAdobeTargetEnabled":false,"isAdobeAnalyticsEnabled":false,"isCookieComplianceEnabled":true,"isKameleoonEnabled":true,"adobeAnalyticsAssetPath":"https://assets.adobedtm.com/ec12e179889c41354087f1ac19e02839d7c19f0e/satelliteLib-105d18abadb6163816bb52f11c640058778e502a.js","isMarketplaceEnabled":false,"regions":[],"faviconUrl":"https://assets.shop.loblaws.ca/ContentMedia/lsl/logos/64x64icon.ico","googleSiteVerificationCode":"kpVyoiC6EzHMVv841lc3nhxnOGd8TsAGzTcK7alBaAg","defaultStoreId":"1032","featureFlags":[{"id":"EnableHeliosSRP","key":"bronxFeatureFlagEnableHeliosSRP","status":false},{"id":"DeliveryTipping","key":"bronxFeatureFlagDeliveryTipping","status":true},{"id":"FulfillmentAutomatedRefund","key":"bronxFeatureFlagFulfillmentAutomatedRefund","status":true},{"id":"FulfillmentAutomatedRefundPhotoUpload","key":"bronxFeatureFlagFulfillmentAutomatedRefundPhotoUpload","status":true},{"id":"MealPlannerChat","key":"bronxFeatureFlagMealPlannerChat","status":false},{"id":"PCXStampCards","key":"bronxFeatureFlagPCXStampCards","status":false},{"id":"ShowPCORedemption","key":"bronxFeatureFlagShowPCORedemption","status":true},{"id":"ShowPCORedemptionOnlyInPilotStores","key":"bronxFeatureFlagShowPCORedemptionOnlyInPilotStores","status":true},{"id":"HideHomepageContentfulEntries","key":"bronxFeatureFlagHideHomepageContentfulEntries","status":true},{"id":"EnableHeliosFlyerItems","key":"bronxFeatureFlagEnableHeliosFlyerItems","status":true},{"id":"PastOrderDashboardOneClickATC","key":"bronxFeatureFlagPastOrderDashboardOneClickATC","status":false},{"id":"PCXPassCancellationSurvey","key":"bronxFeatureFlagPCXPassCancellationSurvey","status":true},{"id":"EnableCartCheckoutAccountBFFMigration","key":"bronxFeatureFlagEnableCartCheckoutAccountBFFMigration","status":true},{"id":"EnableCollectionsRichgrid","key":"bronxFeatureFlagEnableCollectionsRichgrid","status":true},{"id":"EnableV2CartService","key":"bronxFeatureFlagEnableV2CartService","status":false},{"id":"DigitalFlyerSubscriptions","key":"bronxFeatureFlagDigitalFlyerSubscriptions","status":true},{"id":"AllDealsAndFlyerForecastAd","key":"bronxFeatureFlagAllDealsAndFlyerForecastAd","status":true},{"id":"FlippFlyerV2","key":"bronxFeatureFlagFlippFlyerV2","status":true},{"id":"ShowFlyerRedesignV2","key":"bronxFeatureFlagShowFlyerRedesignV2","status":true},{"id":"EnableBffApi","key":"bronxFeatureFlagEnableBffApi","status":true},{"id":"EnableIcebergFulfillmentToast","key":"bronxFeatureFlagEnableIcebergFulfillmentToast","status":true},{"id":"EnableIcebergTopBar","key":"bronxFeatureFlagEnableIcebergTopBar","status":true},{"id":"EnableHeliosHomepage","key":"bronxFeatureFlagEnableHeliosHomepage","status":true},{"id":"EnableHitOftheMonth","key":"bronxFeatureFlagEnableHitOftheMonth","status":false},{"id":"EnableSEOSearchRelatedAndCanonicalTerms","key":"bronxFeatureFlagEnableSEOSearchRelatedAndCanonicalTerms","status":true},{"id":"NBRecyclingFee","key":"bronxFeatureFlagNBRecyclingFee","status":false},{"id":"featureFlagFaasFpsIos","key":"bronxFeatureFlagFaasFpsIos","status":true},{"id":"EnableHeliosHeroCarousel","key":"bronxFeatureFlagEnableHeliosHeroCarousel","status":true},{"id":"PCXValueCentre","key":"bronxFeatureFlagPCXValueCentre","status":false},{"id":"settingsFeatureFlagFaasFmsIos","key":"bronxFeatureFlagFaasFmsIos","status":true},{"id":"PCXValueCentreShowPCOPoints","key":"bronxFeatureFlagPCXValueCentreShowPCOPoints","status":false},{"id":"settingsFeatureFlagFaasFpsAndroidProd","key":"bronxFeatureFlagFaasFpsAndroidProd","status":true},{"id":"PCXValueCentreShopDealsLinks","key":"bronxFeatureFlagPCXValueCentreShopDealsLinks","status":false},{"id":"PDPForecastAd","key":"bronxFeatureFlagPDPForecastAd","status":false},{"id":"EnableHolidayInsidersCarousel","key":"bronxFeatureFlagEnableHolidayInsidersCarousel","status":true},{"id":"settingsFeatureFlagFaasFpsAndroid","key":"bronxFeatureFlagFaasFpsAndroid","status":false},{"id":"EnableHeliosCollectionsv2","key":"bronxFeatureFlagEnableHeliosCollectionsv2","status":true},{"id":"OrderDashboard","key":"bronxFeatureFlagOrderDashboard","status":true},{"id":"isV4TimeslotApiEnabled","key":"bronxFeatureFlagIsV4TimeslotApiEnabled","status":true},{"id":"MembersOnlyPricing","key":"bronxFeatureFlagMembersOnlyPricing","status":true},{"id":"HideFaaSToolTip","key":"bronxFeatureFlagHideFaaSToolTip","status":false},{"id":"ShowPCORedemptionPilotStorePhaseOne","key":"bronxFeatureFlagShowPCORedemptionPilotStorePhaseOne","status":true},{"id":"AdaSupportChatBot","key":"bronxFeatureFlagAdaSupportChatBot","status":true},{"id":"mediaFeatureFlagFirebaseEventsLogs","key":"bronxFeatureFlagFirebaseEventsLogs","status":false},{"id":"SearchPromoTileGAMAd2","key":"bronxFeatureFlagSearchPromoTileGAMAd2","status":true},{"id":"SearchPromoTileGAMAd1","key":"bronxFeatureFlagSearchPromoTileGAMAd1","status":true},{"id":"EnableTippingFees","key":"bronxFeatureFlagEnableTippingFees","status":false},{"id":"EnableRapidMode","key":"bronxFeatureFlagEnableRapidMode","status":true},{"id":"EnableBrowseMigrationCookieB","key":"bronxFeatureFlagEnableBrowseMigrationCookieB","status":true},{"id":"PCXPassResubscribe","key":"bronxFeatureFlagPCXPassResubscribe","status":true},{"id":"ShippingOptions","key":"bronxFeatureFlagShippingOptions","status":false},{"id":"PassVelvet","key":"bronxFeatureFlagPassVelvet","status":false},{"id":"SignaLayer","key":"bronxFeatureFlagSignaLayer","status":true},{"id":"MoEngage","key":"bronxFeatureFlagMoEngage","status":true},{"id":"FulfillmentMethodAgnostic","key":"bronxFeatureFlagFulfillmentMethodAgnostic","status":false},{"id":"PCXPassUpgradePlan","key":"bronxFeatureFlagPCXPassUpgradePlan","status":true},{"id":"HideFaaSDelivery","key":"bronxFeatureFlagHideFaaSDelivery","status":false},{"id":"AsyncSubsManagmentWeb","key":"bronxFeatureFlagAsyncSubsManagmentWeb","status":false},{"id":"AddressAutocompleteCheckout","key":"bronxFeatureFlagAddressAutocompleteCheckout","status":true},{"id":"ShopJoeFreshOnGrocery","key":"bronxFeatureFlagShopJoeFreshOnGrocery","status":true},{"id":"PDPGAMAdUnitEnabled","key":"bronxFeatureFlagPDPGAMAdUnitEnabled","status":true},{"id":"RapidOrderTracking","key":"bronxFeatureFlagOrderTracking","status":true},{"id":"UseSEOStoreID","key":"bronxFeatureFlagUseSEOStoreID","status":true},{"id":"DisplayFloatingCheckoutButton","key":"bronxFeatureFlagDisplayFloatingCheckoutButton","status":false},{"id":"EnableHeliosClpPlp","key":"bronxFeatureFlagEnableHeliosClpPlp","status":true},{"id":"Marketplace","key":"bronxFeatureFlagMarketplace","status":false},{"id":"MarketplaceOnlyMode","key":"bronxFeatureFlagMarketplaceOnlyMode","status":false},{"id":"FulfillmentAsAService","key":"bronxFeatureFlagFulfillmentAsAService","status":true},{"id":"IsPcxPassAdUnitContentful","key":"bronxFeatureFlagIsPcxPassAdUnitContentful","status":true},{"id":"EnableHeliosMarketplaceClpPlp","key":"bronxFeatureFlagEnableHeliosMarketplaceClpPlp","status":false},{"id":"NoTaxEvent","key":"bronxFeatureFlagNoTaxEvent","status":true},{"id":"PingPEServices","key":"bronxFeatureFlagPingPEServices","status":false},{"id":"GoGreenPackagingV2","key":"bronxFeatureFlagGoGreenPackagingV2","status":true},{"id":"PcExpressPass","key":"bronxFeatureFlagPcExpressPass","status":true},{"id":"ShowRapidPromotionTile","key":"bronxFeatureFlagShowRapidPromotionTile","status":false},{"id":"Talkable","key":"bronxFeatureFlagTalkable","status":false},{"id":"HideOOSProducts","key":"bronxFeatureFlagHideOOSProducts","status":false},{"id":"AlternativeFulfillment","key":"bronxFeatureFlagAlternativeFulfillment","status":false},{"id":"EnableLeaderboardSearchResultGrid","key":"bronxFeatureFlagEnableLeaderboardSearchResultGrid","status":true},{"id":"SnowplowAnalytics","key":"bronxFeatureFlagSnowplowAnalytics","status":false},{"id":"SnowplowAnalyticsPhaseOne","key":"bronxFeatureFlagSnowplowAnalyticsPhaseOne","status":false},{"id":"SnowplowAnalyticsPhaseTwo","key":"bronxFeatureFlagSnowplowAnalyticsPhaseTwo","status":true},{"id":"EnableHeliosSnowplow","key":"bronxFeatureFlagEnableHeliosSnowplow","status":true},{"id":"EnableFacadeSpPersonalization","key":"bronxFeatureFlagEnableFacadeSpPersonalization","status":true},{"id":"MPProductTileTag","key":"bronxFeatureFlagMPProductTileTag","status":true},{"id":"QuantifyCustomerDemand","key":"bronxFeatureFlagQuantifyCustomerDemand","status":true},{"id":"EnableSinglePageCheckout","key":"bronxFeatureFlagEnableSinglePageCheckout","status":false},{"id":"SearchPromoTileHybrisDisable","key":"bronxFeatureFlagSearchPromoTileHybrisDisable","status":true},{"id":"EnableHelios","key":"bronxFeatureFlagEnableHelios","status":true},{"id":"EnableDietaryCallOutFilter","key":"bronxFeatureFlagEnableDietaryCallOutFilter","status":true},{"id":"WayfindingQuickFilters","key":"bronxFeatureFlagWayfindingQuickFilters","status":true},{"id":"FlyerGAMAdUnit","key":"bronxFeatureFlagFlyerGAMAdUnit","status":true},{"id":"AllDealsAndFlyerItemGAMAdUnit","key":"bronxFeatureFlagAllDealsAndFlyerItemGAMAdUnit","status":true},{"id":"SponsoredSearchCarousel","key":"bronxFeatureFlagSponsoredSearchCarousel","status":true},{"id":"QFTopBrandsChip","key":"bronxFeatureFlagQFTopBrandsChip","status":false},{"id":"QFExclusiveBrandsChip","key":"bronxFeatureFlagQFExclusiveBrandsChip","status":false},{"id":"QFFavouriteBrandsChip","key":"bronxFeatureFlagQFFavouriteBrandsChip","status":false},{"id":"AutoLocalizeWithAkamai","key":"bronxFeatureFlagAutoLocalizeWithAkamai","status":true},{"id":"AutoLocalizeWithMaxMind","key":"bronxFeatureFlagAutoLocalizeWithMaxMind","status":false},{"id":"MiniAppCheckout","key":"bronxFeatureFlagMiniAppCheckout","status":true},{"id":"EnableWholeSaleClubPCOExperience","key":"bronxFeatureFlagEnableWholeSaleClubPCOExperience","status":false},{"id":"NewfoundlandSugarSweetenedBeverageTax","key":"bronxFeatureFlagNewfoundlandSugarSweetenedBeverageTax","status":false},{"id":"LiveCartAislesOrganization","key":"bronxFeatureFlagLiveCartAislesOrganization","status":true},{"id":"DiscountGoGreen","key":"bronxFeatureFlagDiscountGoGreen","status":false},{"id":"BifrostInventoryCheck","key":"bronxFeatureFlagBifrostInventoryCheck","status":false},{"id":"SponsoredCLPCarousel","key":"bronxFeatureFlagSponsoredCLPCarousel","status":true},{"id":"SponsoredCartReviewCarousel","key":"bronxFeatureFlagSponsoredCartReviewCarousel","status":true},{"id":"OutOfStock","key":"bronxFeatureFlagOutOfStock","status":true},{"id":"HideRapidServiceFeeOnCartReviewPage","key":"bronxFeatureFlagHideRapidServiceFeeOnCartReviewPage","status":false},{"id":"CustomerSelectedSubsInCart","key":"bronxFeatureFlagCustomerSelectedSubsInCart","status":true},{"id":"EnableBannerWideCSSubs","key":"bronxFeatureFlagEnableBannerWideCSSubs","status":true},{"id":"CustomerSelectedSubsPreCheckout","key":"bronxFeatureFlagCustomerSelectedSubsPreCheckout","status":true},{"id":"PCXAccountDeletion","key":"bronxFeatureFlagPCXAccountDeletion","status":true},{"id":"AutoLocalization","key":"bronxFeatureFlagAutoLocalization","status":true},{"id":"ShowTypeAheadTopSearchesForMPMode","key":"bronxFeatureFlagShowTypeAheadTopSearchesForMPMode","status":true},{"id":"RecentlyViewedProducts","key":"bronxFeatureFlagRecentlyViewedProducts","status":true},{"id":"Delivery","key":"bronxFeatureFlagDelivery","status":false},{"id":"OptimizedProductImages","key":"bronxFeatureFlagOptimizedProductImages","status":true},{"id":"EnableHomepageSponsoredCarousel","key":"bronxFeatureFlagEnableHomepageSponsoredCarousel","status":false},{"id":"AddMoreItemsCTA","key":"bronxFeatureFlagAddMoreItemsCTA","status":true},{"id":"EnableTypeaheadContentfulLink","key":"bronxFeatureFlagEnableTypeaheadContentfulLink","status":true},{"id":"PCOPdpEnrolmentTileForMassOffer","key":"bronxFeatureFlagPCOPdpEnrolmentTileForMassOffer","status":true},{"id":"PCOPdpEnrolment","key":"bronxFeatureFlagPCOPdpEnrolment","status":true},{"id":"enableProductDetailsField","key":"bronxFeatureFlagEnableProductDetailsField","status":false},{"id":"WeightedItemsQuantityFormatting","key":"bronxFeatureFlagWeightedItemsQuantityFormatting","status":true},{"id":"CartOrganizationHideAislesInFrench","key":"bronxFeatureFlagCartOrganizationHideAislesInFrench","status":false},{"id":"CartOrganizationExperimentA","key":"bronxFeatureFlagCartOrganizationExperimentA","status":false},{"id":"CartOrganizationExperimentB","key":"bronxFeatureFlagCartOrganizationExperimentB","status":false},{"id":"FlyerModalDrawerQuickview","key":"bronxFeatureFlagFlyerModalDrawerQuickview","status":true},{"id":"PCOCheckoutEnrolment","key":"bronxFeatureFlagPCOCheckoutEnrolment","status":true},{"id":"OrderDashboardRedirectAfterOrderComplete","key":"bronxFeatureFlagOrderDashboardRedirectAfterOrderComplete","status":true},{"id":"ServerSideNavigationRestCall","key":"bronxFeatureFlagServerSideNavigationRestCall","status":true},{"id":"EnableLeaderboardSearchResultTop","key":"bronxFeatureFlagEnableLeaderboardSearchResultTop","status":true},{"id":"IncludeAlcoholTaxMsg","key":"bronxFeatureFlagIncludeAlcoholTaxMsg","status":true},{"id":"ExpSeperateFoodNonFoodNav","key":"bronxFeatureFlagExpSeperateFoodNonFoodNav","status":false},{"id":"HeroV2SwitchFulfillmentMode","key":"bronxFeatureFlagHeroV2SwitchFulfillmentMode","status":true},{"id":"HomePageHeroV2","key":"bronxFeatureFlagHomePageHeroV2","status":true},{"id":"QuickViewPcoOffer","key":"bronxFeatureFlagQuickViewPcoOffer","status":true},{"id":"ShowThirtyMinTimeSlot","key":"bronxFeatureFlagShowThirtyMinTimeSlot","status":true},{"id":"FlyerVideoPlayer","key":"bronxFeatureFlagFlyerVideoPlayer","status":true},{"id":"ExpHolidayShopNavStyling","key":"bronxFeatureFlagExpHolidayShopNavStyling","status":false},{"id":"ExpExpandedFoodNav","key":"bronxFeatureFlagExpExpandedFoodNav","status":false},{"id":"ExpJoeFreshNavStyling","key":"bronxFeatureFlagExpJoeFreshNavStyling","status":false},{"id":"OneSearch","key":"bronxFeatureFlagOneSearch","status":true},{"id":"UnlocalizedCartAddition","key":"bronxFeatureFlagUnlocalizedCartAddition","status":true},{"id":"AutoLocalizationNonShoppable","key":"bronxFeatureFlagAutoLocalizationNonShoppable","status":true},{"id":"MultiItemFlyerQuickview","key":"bronxFeatureFlagMultiItemFlyerQuickview","status":true},{"id":"V4ProductFacadeForPDP","key":"bronxFeatureFlagV4ProductFacadeForPDP","status":false},{"id":"ShouldIncludeGTMScript","key":"bronxFeatureFlagShouldIncludeGTMScript","status":true},{"id":"TestFeatureFlagOverride","key":"bronxFeatureFlagTestFeatureFlagOverride","status":true},{"id":"DidYouMeanSearch","key":"bronxFeatureFlagDidYouMeanSearch","status":true},{"id":"AutoLocalizationWellnessPages","key":"bronxFeatureFlagAutoLocalizationWellnessPages","status":true},{"id":"FlyerNavigationContentful","key":"bronxFeatureFlagFlyerNavigationContentful","status":true},{"id":"AutoLocalizationDependencyPages","key":"bronxFeatureFlagAutoLocalizationDependencyPages","status":true},{"id":"HideExpeditedShippingOption","key":"bronxFeatureFlagHideExpeditedShippingOption","status":false},{"id":"PS5ConsoleDirectLink","key":"bronxFeatureFlagPS5ConsoleDirectLink","status":false},{"id":"ShowTypeAheadYourSearches","key":"bronxFeatureFlagShowTypeAheadYourSearches","status":true},{"id":"ShowTypeAheadTopSearches","key":"bronxFeatureFlagShowTypeAheadTopSearches","status":true},{"id":"LowInventory","key":"bronxFeatureFlagLowInventory","status":true},{"id":"ExpPCOInNavFlyers","key":"bronxFeatureFlagExpPCOInNavFlyers","status":false},{"id":"ExpPCOInNavMyshop","key":"bronxFeatureFlagExpPCOInNavMyshop","status":false},{"id":"V3ProductFacadeFlyerSearch","key":"bronxFeatureFlagV3ProductFacadeFlyerSearch","status":true},{"id":"WellnessNaturalFoods","key":"bronxFeatureFlagWellnessNaturalFoods","status":false},{"id":"WellnessMedicalClinics","key":"bronxFeatureFlagWellnessMedicalClinics","status":false},{"id":"WellnessDietitians","key":"bronxFeatureFlagWellnessDietitians","status":true},{"id":"WellnessOptical","key":"bronxFeatureFlagWellnessOptical","status":true},{"id":"WellnessGuidingStars","key":"bronxFeatureFlagWellnessGuidingStars","status":true},{"id":"WellnessPharmacy","key":"bronxFeatureFlagWellnessPharmacy","status":false},{"id":"SomeRandomTestFeatureFlag","key":"bronxFeatureFlagSomeRandomTestFeatureFlag","status":false},{"id":"CIAM","key":"bronxFeatureFlagCIAM","status":true},{"id":"Contentful","key":"bronxFeatureFlagContentful","status":true},{"id":"AdobeTarget","key":"bronxFeatureFlagAdobeTarget","status":true},{"id":"FontNoir","key":"bronxFeatureFlagFontNoir","status":true},{"id":"AdobeAnalytics","key":"bronxFeatureFlagAdobeAnalytics","status":true},{"id":"Instacart","key":"bronxFeatureFlagInstacart","status":true}],"cookieComplianceDomainScript":"018df550-b40e-7347-b578-fdb1edbfcb4f","kameleoonSiteCode":"0u99zf5tcp"},
                bannerData: {"banner":"loblaws","hostname":"loblaws","site":"loblaw","appSettingsBanner":"loblaw","locale":"en"},
                spaData: {"cdnPath":"https://assets.loblaws.ca/pcx_bronx_fe_prod/builds/production/3.53.6/8bd42f38/loblaws","folder":"loblaws","vendorJSPath":"https://assets.loblaws.ca/pcx_bronx_fe_prod/builds/production/3.53.6/8bd42f38/loblaws/loblaws-vendor.bundle.js","bundleJSPath":"https://assets.loblaws.ca/pcx_bronx_fe_prod/builds/production/3.53.6/8bd42f38/loblaws/loblaws-bundle.js","bundleCSSPath":"https://assets.loblaws.ca/pcx_bronx_fe_prod/builds/production/3.53.6/8bd42f38/loblaws/loblaws-bundle.css"},
            };
            /* The cached endpoints */
            window['ldBronxCachedEndpoints'] = null;
        </script>
    <script>bazadebezolkohpepadr="481839132"</script><script type="text/javascript" src="https://www.loblaws.ca/akam/13/1cb8486f" defer=""></script><link rel="stylesheet" type="text/css" href="https://assets.loblaws.ca/pcx_bronx_fe_prod/builds/production/3.53.6/8bd42f38/loblaws/commonUIComponents-fef459bd_app.bundle.css"><link rel="stylesheet" type="text/css" href="https://assets.loblaws.ca/pcx_bronx_fe_prod/builds/production/3.53.6/8bd42f38/loblaws/commonProduct-9b3cd547_app.bundle.css"><link rel="stylesheet" type="text/css" href="https://assets.loblaws.ca/pcx_bronx_fe_prod/builds/production/3.53.6/8bd42f38/loblaws/commonProduct-dee3f71c_app.bundle.css"><link rel="stylesheet" type="text/css" href="https://assets.loblaws.ca/pcx_bronx_fe_prod/builds/production/3.53.6/8bd42f38/loblaws/7573_app.bundle.css"><meta http-equiv="origin-trial" content="AlK2UR5SkAlj8jjdEc9p3F3xuFYlF6LYjAML3EOqw1g26eCwWPjdmecULvBH5MVPoqKYrOfPhYVL71xAXI1IBQoAAAB8eyJvcmlnaW4iOiJodHRwczovL2RvdWJsZWNsaWNrLm5ldDo0NDMiLCJmZWF0dXJlIjoiV2ViVmlld1hSZXF1ZXN0ZWRXaXRoRGVwcmVjYXRpb24iLCJleHBpcnkiOjE3NTgwNjcxOTksImlzU3ViZG9tYWluIjp0cnVlfQ=="><meta http-equiv="origin-trial" content="Amm8/NmvvQfhwCib6I7ZsmUxiSCfOxWxHayJwyU1r3gRIItzr7bNQid6O8ZYaE1GSQTa69WwhPC9flq/oYkRBwsAAACCeyJvcmlnaW4iOiJodHRwczovL2dvb2dsZXN5bmRpY2F0aW9uLmNvbTo0NDMiLCJmZWF0dXJlIjoiV2ViVmlld1hSZXF1ZXN0ZWRXaXRoRGVwcmVjYXRpb24iLCJleHBpcnkiOjE3NTgwNjcxOTksImlzU3ViZG9tYWluIjp0cnVlfQ=="><meta http-equiv="origin-trial" content="A9uiHDzQFAhqALUhTgTYJcz9XrGH2y0/9AORwCSapUO/f7Uh7ysIzyszNkuWDLqNYg8446Uj48XIstBW1qv/wAQAAACNeyJvcmlnaW4iOiJodHRwczovL2RvdWJsZWNsaWNrLm5ldDo0NDMiLCJmZWF0dXJlIjoiRmxlZGdlQmlkZGluZ0FuZEF1Y3Rpb25TZXJ2ZXIiLCJleHBpcnkiOjE3Mjc4MjcxOTksImlzU3ViZG9tYWluIjp0cnVlLCJpc1RoaXJkUGFydHkiOnRydWV9"><meta http-equiv="origin-trial" content="A9R+gkZL3TWq+Z7RJ2L0c7ZN7FZD5z4mHmVvjrPitg/EMz9P3j5d3W7Vw5ZR9jtJGmWKltM4BO3smNzpCgwYuwwAAACTeyJvcmlnaW4iOiJodHRwczovL2dvb2dsZXN5bmRpY2F0aW9uLmNvbTo0NDMiLCJmZWF0dXJlIjoiRmxlZGdlQmlkZGluZ0FuZEF1Y3Rpb25TZXJ2ZXIiLCJleHBpcnkiOjE3Mjc4MjcxOTksImlzU3ViZG9tYWluIjp0cnVlLCJpc1RoaXJkUGFydHkiOnRydWV9"><script src="https://securepubads.g.doubleclick.net/pagead/managed/js/gpt/m202407080101/pubads_impl.js" async=""></script><script src="https://cdn.cookielaw.org/scripttemplates/202406.1.0/otBannerSdk.js" async="" type="text/javascript"></script><style id="onetrust-style">#onetrust-banner-sdk .onetrust-vendors-list-handler{cursor:pointer;color:#1f96db;font-size:inherit;font-weight:bold;text-decoration:none;margin-left:5px}#onetrust-banner-sdk .onetrust-vendors-list-handler:hover{color:#1f96db}#onetrust-banner-sdk:focus{outline:2px solid #000;outline-offset:-2px}#onetrust-banner-sdk a:focus{outline:2px solid #000}#onetrust-banner-sdk #onetrust-accept-btn-handler,#onetrust-banner-sdk #onetrust-reject-all-handler,#onetrust-banner-sdk #onetrust-pc-btn-handler{outline-offset:1px}#onetrust-banner-sdk.ot-bnr-w-logo .ot-bnr-logo{height:64px;width:64px}#onetrust-banner-sdk .ot-tcf2-vendor-count.ot-text-bold{font-weight:bold}#onetrust-banner-sdk .ot-close-icon,#onetrust-pc-sdk .ot-close-icon,#ot-sync-ntfy .ot-close-icon{background-size:contain;background-repeat:no-repeat;background-position:center;height:12px;width:12px}#onetrust-banner-sdk .powered-by-logo,#onetrust-banner-sdk .ot-pc-footer-logo a,#onetrust-pc-sdk .powered-by-logo,#onetrust-pc-sdk .ot-pc-footer-logo a,#ot-sync-ntfy .powered-by-logo,#ot-sync-ntfy .ot-pc-footer-logo a{background-size:contain;background-repeat:no-repeat;background-position:center;height:25px;width:152px;display:block;text-decoration:none;font-size:.75em}#onetrust-banner-sdk .powered-by-logo:hover,#onetrust-banner-sdk .ot-pc-footer-logo a:hover,#onetrust-pc-sdk .powered-by-logo:hover,#onetrust-pc-sdk .ot-pc-footer-logo a:hover,#ot-sync-ntfy .powered-by-logo:hover,#ot-sync-ntfy .ot-pc-footer-logo a:hover{color:#565656}#onetrust-banner-sdk h3 *,#onetrust-banner-sdk h4 *,#onetrust-banner-sdk h6 *,#onetrust-banner-sdk button *,#onetrust-banner-sdk a[data-parent-id] *,#onetrust-pc-sdk h3 *,#onetrust-pc-sdk h4 *,#onetrust-pc-sdk h6 *,#onetrust-pc-sdk button *,#onetrust-pc-sdk a[data-parent-id] *,#ot-sync-ntfy h3 *,#ot-sync-ntfy h4 *,#ot-sync-ntfy h6 *,#ot-sync-ntfy button *,#ot-sync-ntfy a[data-parent-id] *{font-size:inherit;font-weight:inherit;color:inherit}#onetrust-banner-sdk .ot-hide,#onetrust-pc-sdk .ot-hide,#ot-sync-ntfy .ot-hide{display:none !important}#onetrust-banner-sdk button.ot-link-btn:hover,#onetrust-pc-sdk button.ot-link-btn:hover,#ot-sync-ntfy button.ot-link-btn:hover{text-decoration:underline;opacity:1}#onetrust-pc-sdk .ot-sdk-row .ot-sdk-column{padding:0}#onetrust-pc-sdk .ot-sdk-container{padding-right:0}#onetrust-pc-sdk .ot-sdk-row{flex-direction:initial;width:100%}#onetrust-pc-sdk [type=checkbox]:checked,#onetrust-pc-sdk [type=checkbox]:not(:checked){pointer-events:initial}#onetrust-pc-sdk [type=checkbox]:disabled+label::before,#onetrust-pc-sdk [type=checkbox]:disabled+label:after,#onetrust-pc-sdk [type=checkbox]:disabled+label{pointer-events:none;opacity:.7}#onetrust-pc-sdk #vendor-list-content{transform:translate3d(0, 0, 0)}#onetrust-pc-sdk li input[type=checkbox]{z-index:1}#onetrust-pc-sdk li .ot-checkbox label{z-index:2}#onetrust-pc-sdk li .ot-checkbox input[type=checkbox]{height:auto;width:auto}#onetrust-pc-sdk li .host-title a,#onetrust-pc-sdk li .ot-host-name a,#onetrust-pc-sdk li .accordion-text,#onetrust-pc-sdk li .ot-acc-txt{z-index:2;position:relative}#onetrust-pc-sdk input{margin:3px .1ex}#onetrust-pc-sdk .pc-logo,#onetrust-pc-sdk .ot-pc-logo{height:60px;width:180px;background-position:center;background-size:contain;background-repeat:no-repeat;display:inline-flex;justify-content:center;align-items:center}#onetrust-pc-sdk .pc-logo img,#onetrust-pc-sdk .ot-pc-logo img{max-height:100%;max-width:100%}#onetrust-pc-sdk .screen-reader-only,#onetrust-pc-sdk .ot-scrn-rdr,.ot-sdk-cookie-policy .screen-reader-only,.ot-sdk-cookie-policy .ot-scrn-rdr{border:0;clip:rect(0 0 0 0);height:1px;margin:-1px;overflow:hidden;padding:0;position:absolute;width:1px}#onetrust-pc-sdk.ot-fade-in,.onetrust-pc-dark-filter.ot-fade-in,#onetrust-banner-sdk.ot-fade-in{animation-name:onetrust-fade-in;animation-duration:400ms;animation-timing-function:ease-in-out}#onetrust-pc-sdk.ot-hide{display:none !important}.onetrust-pc-dark-filter.ot-hide{display:none !important}#ot-sdk-btn.ot-sdk-show-settings,#ot-sdk-btn.optanon-show-settings{color:#68b631;border:1px solid #68b631;height:auto;white-space:normal;word-wrap:break-word;padding:.8em 2em;font-size:.8em;line-height:1.2;cursor:pointer;-moz-transition:.1s ease;-o-transition:.1s ease;-webkit-transition:1s ease;transition:.1s ease}#ot-sdk-btn.ot-sdk-show-settings:hover,#ot-sdk-btn.optanon-show-settings:hover{color:#fff;background-color:#68b631}.onetrust-pc-dark-filter{background:rgba(0,0,0,.5);z-index:2147483646;width:100%;height:100%;overflow:hidden;position:fixed;top:0;bottom:0;left:0}@keyframes onetrust-fade-in{0%{opacity:0}100%{opacity:1}}.ot-cookie-label{text-decoration:underline}@media only screen and (min-width: 426px)and (max-width: 896px)and (orientation: landscape){#onetrust-pc-sdk p{font-size:.75em}}#onetrust-banner-sdk .banner-option-input:focus+label{outline:1px solid #000;outline-style:auto}.category-vendors-list-handler+a:focus,.category-vendors-list-handler+a:focus-visible{outline:2px solid #000}#onetrust-pc-sdk .ot-userid-title{margin-top:10px}#onetrust-pc-sdk .ot-userid-title>span,#onetrust-pc-sdk .ot-userid-timestamp>span{font-weight:700}#onetrust-pc-sdk .ot-userid-desc{font-style:italic}#onetrust-pc-sdk .ot-host-desc a{pointer-events:initial}#onetrust-pc-sdk .ot-ven-hdr>p a{position:relative;z-index:2;pointer-events:initial}#onetrust-pc-sdk .ot-vnd-serv .ot-vnd-item .ot-vnd-info a,#onetrust-pc-sdk .ot-vs-list .ot-vnd-item .ot-vnd-info a{margin-right:auto}#onetrust-pc-sdk .ot-pc-footer-logo img{width:136px;height:16px}#onetrust-pc-sdk .ot-pur-vdr-count{font-weight:400;font-size:.7rem;padding-top:3px;display:block}#onetrust-banner-sdk .ot-optout-signal,#onetrust-pc-sdk .ot-optout-signal{border:1px solid #32ae88;border-radius:3px;padding:5px;margin-bottom:10px;background-color:#f9fffa;font-size:.85rem;line-height:2}#onetrust-banner-sdk .ot-optout-signal .ot-optout-icon,#onetrust-pc-sdk .ot-optout-signal .ot-optout-icon{display:inline;margin-right:5px}#onetrust-banner-sdk .ot-optout-signal svg,#onetrust-pc-sdk .ot-optout-signal svg{height:20px;width:30px;transform:scale(0.5)}#onetrust-banner-sdk .ot-optout-signal svg path,#onetrust-pc-sdk .ot-optout-signal svg path{fill:#32ae88}#onetrust-consent-sdk .ot-general-modal{overflow:hidden;position:fixed;margin:0 auto;top:50%;left:50%;width:40%;padding:1.5rem;max-width:575px;min-width:575px;z-index:2147483647;border-radius:2.5px;transform:translate(-50%, -50%)}#onetrust-consent-sdk .ot-signature-health-group{margin-top:1rem;padding-left:1.25rem;padding-right:1.25rem;margin-bottom:.625rem;width:calc(100% - 2.5rem)}#onetrust-consent-sdk .ot-signature-health-group .ot-signature-health-form{gap:.5rem}#onetrust-consent-sdk .ot-signature-health .ot-signature-health-form{width:70%;gap:.35rem}#onetrust-consent-sdk .ot-signature-health .ot-signature-input{height:38px;padding:6px 10px;background-color:#fff;border:1px solid #d1d1d1;border-radius:4px;box-shadow:none;box-sizing:border-box}#onetrust-consent-sdk .ot-signature-health .ot-signature-subtitle{font-size:1.125rem}#onetrust-consent-sdk .ot-signature-health .ot-signature-group-title{font-size:1.25rem;font-weight:bold}#onetrust-consent-sdk .ot-signature-health,#onetrust-consent-sdk .ot-signature-health-group{display:flex;flex-direction:column;gap:1rem}#onetrust-consent-sdk .ot-signature-health .ot-signature-cont,#onetrust-consent-sdk .ot-signature-health-group .ot-signature-cont{display:flex;flex-direction:column;gap:.25rem}#onetrust-consent-sdk .ot-signature-health .ot-signature-paragraph,#onetrust-consent-sdk .ot-signature-health-group .ot-signature-paragraph{margin:0;line-height:20px;font-size:max(14px,.875rem)}#onetrust-consent-sdk .ot-signature-health .ot-health-signature-error,#onetrust-consent-sdk .ot-signature-health-group .ot-health-signature-error{color:#4d4d4d;font-size:min(12px,.75rem)}#onetrust-consent-sdk .ot-signature-health .ot-signature-buttons-cont,#onetrust-consent-sdk .ot-signature-health-group .ot-signature-buttons-cont{margin-top:max(.75rem,2%);gap:1rem;display:flex;justify-content:flex-end}#onetrust-consent-sdk .ot-signature-health .ot-signature-button,#onetrust-consent-sdk .ot-signature-health-group .ot-signature-button{flex:1;height:auto;color:#fff;cursor:pointer;line-height:1.2;min-width:125px;font-weight:600;font-size:.813em;border-radius:2px;padding:12px 10px;white-space:normal;word-wrap:break-word;word-break:break-word;background-color:#68b631;border:2px solid #68b631}#onetrust-consent-sdk .ot-signature-health .ot-signature-button.reject,#onetrust-consent-sdk .ot-signature-health-group .ot-signature-button.reject{background-color:#fff}#onetrust-consent-sdk .ot-input-field-cont{display:flex;flex-direction:column;gap:.5rem}#onetrust-consent-sdk .ot-input-field-cont .ot-signature-input{width:65%}#onetrust-consent-sdk .ot-signature-health-form{display:flex;flex-direction:column}#onetrust-consent-sdk .ot-signature-health-form .ot-signature-label{margin-bottom:0;line-height:20px;font-size:max(14px,.875rem)}@media only screen and (max-width: 600px){#onetrust-consent-sdk .ot-general-modal{min-width:100%}#onetrust-consent-sdk .ot-signature-health .ot-signature-health-form{width:100%}#onetrust-consent-sdk .ot-input-field-cont .ot-signature-input{width:100%}}#onetrust-banner-sdk,#onetrust-pc-sdk,#ot-sdk-cookie-policy,#ot-sync-ntfy{font-size:16px}#onetrust-banner-sdk *,#onetrust-banner-sdk ::after,#onetrust-banner-sdk ::before,#onetrust-pc-sdk *,#onetrust-pc-sdk ::after,#onetrust-pc-sdk ::before,#ot-sdk-cookie-policy *,#ot-sdk-cookie-policy ::after,#ot-sdk-cookie-policy ::before,#ot-sync-ntfy *,#ot-sync-ntfy ::after,#ot-sync-ntfy ::before{-webkit-box-sizing:content-box;-moz-box-sizing:content-box;box-sizing:content-box}#onetrust-banner-sdk div,#onetrust-banner-sdk span,#onetrust-banner-sdk h1,#onetrust-banner-sdk h2,#onetrust-banner-sdk h3,#onetrust-banner-sdk h4,#onetrust-banner-sdk h5,#onetrust-banner-sdk h6,#onetrust-banner-sdk p,#onetrust-banner-sdk img,#onetrust-banner-sdk svg,#onetrust-banner-sdk button,#onetrust-banner-sdk section,#onetrust-banner-sdk a,#onetrust-banner-sdk label,#onetrust-banner-sdk input,#onetrust-banner-sdk ul,#onetrust-banner-sdk li,#onetrust-banner-sdk nav,#onetrust-banner-sdk table,#onetrust-banner-sdk thead,#onetrust-banner-sdk tr,#onetrust-banner-sdk td,#onetrust-banner-sdk tbody,#onetrust-banner-sdk .ot-main-content,#onetrust-banner-sdk .ot-toggle,#onetrust-banner-sdk #ot-content,#onetrust-banner-sdk #ot-pc-content,#onetrust-banner-sdk .checkbox,#onetrust-pc-sdk div,#onetrust-pc-sdk span,#onetrust-pc-sdk h1,#onetrust-pc-sdk h2,#onetrust-pc-sdk h3,#onetrust-pc-sdk h4,#onetrust-pc-sdk h5,#onetrust-pc-sdk h6,#onetrust-pc-sdk p,#onetrust-pc-sdk img,#onetrust-pc-sdk svg,#onetrust-pc-sdk button,#onetrust-pc-sdk section,#onetrust-pc-sdk a,#onetrust-pc-sdk label,#onetrust-pc-sdk input,#onetrust-pc-sdk ul,#onetrust-pc-sdk li,#onetrust-pc-sdk nav,#onetrust-pc-sdk table,#onetrust-pc-sdk thead,#onetrust-pc-sdk tr,#onetrust-pc-sdk td,#onetrust-pc-sdk tbody,#onetrust-pc-sdk .ot-main-content,#onetrust-pc-sdk .ot-toggle,#onetrust-pc-sdk #ot-content,#onetrust-pc-sdk #ot-pc-content,#onetrust-pc-sdk .checkbox,#ot-sdk-cookie-policy div,#ot-sdk-cookie-policy span,#ot-sdk-cookie-policy h1,#ot-sdk-cookie-policy h2,#ot-sdk-cookie-policy h3,#ot-sdk-cookie-policy h4,#ot-sdk-cookie-policy h5,#ot-sdk-cookie-policy h6,#ot-sdk-cookie-policy p,#ot-sdk-cookie-policy img,#ot-sdk-cookie-policy svg,#ot-sdk-cookie-policy button,#ot-sdk-cookie-policy section,#ot-sdk-cookie-policy a,#ot-sdk-cookie-policy label,#ot-sdk-cookie-policy input,#ot-sdk-cookie-policy ul,#ot-sdk-cookie-policy li,#ot-sdk-cookie-policy nav,#ot-sdk-cookie-policy table,#ot-sdk-cookie-policy thead,#ot-sdk-cookie-policy tr,#ot-sdk-cookie-policy td,#ot-sdk-cookie-policy tbody,#ot-sdk-cookie-policy .ot-main-content,#ot-sdk-cookie-policy .ot-toggle,#ot-sdk-cookie-policy #ot-content,#ot-sdk-cookie-policy #ot-pc-content,#ot-sdk-cookie-policy .checkbox,#ot-sync-ntfy div,#ot-sync-ntfy span,#ot-sync-ntfy h1,#ot-sync-ntfy h2,#ot-sync-ntfy h3,#ot-sync-ntfy h4,#ot-sync-ntfy h5,#ot-sync-ntfy h6,#ot-sync-ntfy p,#ot-sync-ntfy img,#ot-sync-ntfy svg,#ot-sync-ntfy button,#ot-sync-ntfy section,#ot-sync-ntfy a,#ot-sync-ntfy label,#ot-sync-ntfy input,#ot-sync-ntfy ul,#ot-sync-ntfy li,#ot-sync-ntfy nav,#ot-sync-ntfy table,#ot-sync-ntfy thead,#ot-sync-ntfy tr,#ot-sync-ntfy td,#ot-sync-ntfy tbody,#ot-sync-ntfy .ot-main-content,#ot-sync-ntfy .ot-toggle,#ot-sync-ntfy #ot-content,#ot-sync-ntfy #ot-pc-content,#ot-sync-ntfy .checkbox{font-family:inherit;font-weight:normal;-webkit-font-smoothing:auto;letter-spacing:normal;line-height:normal;padding:0;margin:0;height:auto;min-height:0;max-height:none;width:auto;min-width:0;max-width:none;border-radius:0;border:none;clear:none;float:none;position:static;bottom:auto;left:auto;right:auto;top:auto;text-align:left;text-decoration:none;text-indent:0;text-shadow:none;text-transform:none;white-space:normal;background:none;overflow:visible;vertical-align:baseline;visibility:visible;z-index:auto;box-shadow:none}#onetrust-banner-sdk label:before,#onetrust-banner-sdk label:after,#onetrust-banner-sdk .checkbox:after,#onetrust-banner-sdk .checkbox:before,#onetrust-pc-sdk label:before,#onetrust-pc-sdk label:after,#onetrust-pc-sdk .checkbox:after,#onetrust-pc-sdk .checkbox:before,#ot-sdk-cookie-policy label:before,#ot-sdk-cookie-policy label:after,#ot-sdk-cookie-policy .checkbox:after,#ot-sdk-cookie-policy .checkbox:before,#ot-sync-ntfy label:before,#ot-sync-ntfy label:after,#ot-sync-ntfy .checkbox:after,#ot-sync-ntfy .checkbox:before{content:"";content:none}#onetrust-banner-sdk .ot-sdk-container,#onetrust-pc-sdk .ot-sdk-container,#ot-sdk-cookie-policy .ot-sdk-container{position:relative;width:100%;max-width:100%;margin:0 auto;padding:0 20px;box-sizing:border-box}#onetrust-banner-sdk .ot-sdk-column,#onetrust-banner-sdk .ot-sdk-columns,#onetrust-pc-sdk .ot-sdk-column,#onetrust-pc-sdk .ot-sdk-columns,#ot-sdk-cookie-policy .ot-sdk-column,#ot-sdk-cookie-policy .ot-sdk-columns{width:100%;float:left;box-sizing:border-box;padding:0;display:initial}@media(min-width: 400px){#onetrust-banner-sdk .ot-sdk-container,#onetrust-pc-sdk .ot-sdk-container,#ot-sdk-cookie-policy .ot-sdk-container{width:90%;padding:0}}@media(min-width: 550px){#onetrust-banner-sdk .ot-sdk-container,#onetrust-pc-sdk .ot-sdk-container,#ot-sdk-cookie-policy .ot-sdk-container{width:100%}#onetrust-banner-sdk .ot-sdk-column,#onetrust-banner-sdk .ot-sdk-columns,#onetrust-pc-sdk .ot-sdk-column,#onetrust-pc-sdk .ot-sdk-columns,#ot-sdk-cookie-policy .ot-sdk-column,#ot-sdk-cookie-policy .ot-sdk-columns{margin-left:4%}#onetrust-banner-sdk .ot-sdk-column:first-child,#onetrust-banner-sdk .ot-sdk-columns:first-child,#onetrust-pc-sdk .ot-sdk-column:first-child,#onetrust-pc-sdk .ot-sdk-columns:first-child,#ot-sdk-cookie-policy .ot-sdk-column:first-child,#ot-sdk-cookie-policy .ot-sdk-columns:first-child{margin-left:0}#onetrust-banner-sdk .ot-sdk-two.ot-sdk-columns,#onetrust-pc-sdk .ot-sdk-two.ot-sdk-columns,#ot-sdk-cookie-policy .ot-sdk-two.ot-sdk-columns{width:13.3333333333%}#onetrust-banner-sdk .ot-sdk-three.ot-sdk-columns,#onetrust-pc-sdk .ot-sdk-three.ot-sdk-columns,#ot-sdk-cookie-policy .ot-sdk-three.ot-sdk-columns{width:22%}#onetrust-banner-sdk .ot-sdk-four.ot-sdk-columns,#onetrust-pc-sdk .ot-sdk-four.ot-sdk-columns,#ot-sdk-cookie-policy .ot-sdk-four.ot-sdk-columns{width:30.6666666667%}#onetrust-banner-sdk .ot-sdk-eight.ot-sdk-columns,#onetrust-pc-sdk .ot-sdk-eight.ot-sdk-columns,#ot-sdk-cookie-policy .ot-sdk-eight.ot-sdk-columns{width:65.3333333333%}#onetrust-banner-sdk .ot-sdk-nine.ot-sdk-columns,#onetrust-pc-sdk .ot-sdk-nine.ot-sdk-columns,#ot-sdk-cookie-policy .ot-sdk-nine.ot-sdk-columns{width:74%}#onetrust-banner-sdk .ot-sdk-ten.ot-sdk-columns,#onetrust-pc-sdk .ot-sdk-ten.ot-sdk-columns,#ot-sdk-cookie-policy .ot-sdk-ten.ot-sdk-columns{width:82.6666666667%}#onetrust-banner-sdk .ot-sdk-eleven.ot-sdk-columns,#onetrust-pc-sdk .ot-sdk-eleven.ot-sdk-columns,#ot-sdk-cookie-policy .ot-sdk-eleven.ot-sdk-columns{width:91.3333333333%}#onetrust-banner-sdk .ot-sdk-twelve.ot-sdk-columns,#onetrust-pc-sdk .ot-sdk-twelve.ot-sdk-columns,#ot-sdk-cookie-policy .ot-sdk-twelve.ot-sdk-columns{width:100%;margin-left:0}}#onetrust-banner-sdk h1,#onetrust-banner-sdk h2,#onetrust-banner-sdk h3,#onetrust-banner-sdk h4,#onetrust-banner-sdk h5,#onetrust-banner-sdk h6,#onetrust-pc-sdk h1,#onetrust-pc-sdk h2,#onetrust-pc-sdk h3,#onetrust-pc-sdk h4,#onetrust-pc-sdk h5,#onetrust-pc-sdk h6,#ot-sdk-cookie-policy h1,#ot-sdk-cookie-policy h2,#ot-sdk-cookie-policy h3,#ot-sdk-cookie-policy h4,#ot-sdk-cookie-policy h5,#ot-sdk-cookie-policy h6{margin-top:0;font-weight:600;font-family:inherit}#onetrust-banner-sdk h1,#onetrust-pc-sdk h1,#ot-sdk-cookie-policy h1{font-size:1.5rem;line-height:1.2}#onetrust-banner-sdk h2,#onetrust-pc-sdk h2,#ot-sdk-cookie-policy h2{font-size:1.5rem;line-height:1.25}#onetrust-banner-sdk h3,#onetrust-pc-sdk h3,#ot-sdk-cookie-policy h3{font-size:1.5rem;line-height:1.3}#onetrust-banner-sdk h4,#onetrust-pc-sdk h4,#ot-sdk-cookie-policy h4{font-size:1.5rem;line-height:1.35}#onetrust-banner-sdk h5,#onetrust-pc-sdk h5,#ot-sdk-cookie-policy h5{font-size:1.5rem;line-height:1.5}#onetrust-banner-sdk h6,#onetrust-pc-sdk h6,#ot-sdk-cookie-policy h6{font-size:1.5rem;line-height:1.6}@media(min-width: 550px){#onetrust-banner-sdk h1,#onetrust-pc-sdk h1,#ot-sdk-cookie-policy h1{font-size:1.5rem}#onetrust-banner-sdk h2,#onetrust-pc-sdk h2,#ot-sdk-cookie-policy h2{font-size:1.5rem}#onetrust-banner-sdk h3,#onetrust-pc-sdk h3,#ot-sdk-cookie-policy h3{font-size:1.5rem}#onetrust-banner-sdk h4,#onetrust-pc-sdk h4,#ot-sdk-cookie-policy h4{font-size:1.5rem}#onetrust-banner-sdk h5,#onetrust-pc-sdk h5,#ot-sdk-cookie-policy h5{font-size:1.5rem}#onetrust-banner-sdk h6,#onetrust-pc-sdk h6,#ot-sdk-cookie-policy h6{font-size:1.5rem}}#onetrust-banner-sdk p,#onetrust-pc-sdk p,#ot-sdk-cookie-policy p{margin:0 0 1em 0;font-family:inherit;line-height:normal}#onetrust-banner-sdk a,#onetrust-pc-sdk a,#ot-sdk-cookie-policy a{color:#565656;text-decoration:underline}#onetrust-banner-sdk a:hover,#onetrust-pc-sdk a:hover,#ot-sdk-cookie-policy a:hover{color:#565656;text-decoration:none}#onetrust-banner-sdk .ot-sdk-button,#onetrust-banner-sdk button,#onetrust-pc-sdk .ot-sdk-button,#onetrust-pc-sdk button,#ot-sdk-cookie-policy .ot-sdk-button,#ot-sdk-cookie-policy button{margin-bottom:1rem;font-family:inherit}#onetrust-banner-sdk .ot-sdk-button,#onetrust-banner-sdk button,#onetrust-pc-sdk .ot-sdk-button,#onetrust-pc-sdk button,#ot-sdk-cookie-policy .ot-sdk-button,#ot-sdk-cookie-policy button{display:inline-block;height:38px;padding:0 30px;color:#555;text-align:center;font-size:.9em;font-weight:400;line-height:38px;letter-spacing:.01em;text-decoration:none;white-space:nowrap;background-color:rgba(0,0,0,0);border-radius:2px;border:1px solid #bbb;cursor:pointer;box-sizing:border-box}#onetrust-banner-sdk .ot-sdk-button:hover,#onetrust-banner-sdk :not(.ot-leg-btn-container)>button:not(.ot-link-btn):hover,#onetrust-banner-sdk :not(.ot-leg-btn-container)>button:not(.ot-link-btn):focus,#onetrust-pc-sdk .ot-sdk-button:hover,#onetrust-pc-sdk :not(.ot-leg-btn-container)>button:not(.ot-link-btn):hover,#onetrust-pc-sdk :not(.ot-leg-btn-container)>button:not(.ot-link-btn):focus,#ot-sdk-cookie-policy .ot-sdk-button:hover,#ot-sdk-cookie-policy :not(.ot-leg-btn-container)>button:not(.ot-link-btn):hover,#ot-sdk-cookie-policy :not(.ot-leg-btn-container)>button:not(.ot-link-btn):focus{color:#333;border-color:#888;opacity:.7}#onetrust-banner-sdk .ot-sdk-button:focus,#onetrust-banner-sdk :not(.ot-leg-btn-container)>button:focus,#onetrust-pc-sdk .ot-sdk-button:focus,#onetrust-pc-sdk :not(.ot-leg-btn-container)>button:focus,#ot-sdk-cookie-policy .ot-sdk-button:focus,#ot-sdk-cookie-policy :not(.ot-leg-btn-container)>button:focus{outline:2px solid #000}#onetrust-banner-sdk .ot-sdk-button.ot-sdk-button-primary,#onetrust-banner-sdk button.ot-sdk-button-primary,#onetrust-banner-sdk input[type=submit].ot-sdk-button-primary,#onetrust-banner-sdk input[type=reset].ot-sdk-button-primary,#onetrust-banner-sdk input[type=button].ot-sdk-button-primary,#onetrust-pc-sdk .ot-sdk-button.ot-sdk-button-primary,#onetrust-pc-sdk button.ot-sdk-button-primary,#onetrust-pc-sdk input[type=submit].ot-sdk-button-primary,#onetrust-pc-sdk input[type=reset].ot-sdk-button-primary,#onetrust-pc-sdk input[type=button].ot-sdk-button-primary,#ot-sdk-cookie-policy .ot-sdk-button.ot-sdk-button-primary,#ot-sdk-cookie-policy button.ot-sdk-button-primary,#ot-sdk-cookie-policy input[type=submit].ot-sdk-button-primary,#ot-sdk-cookie-policy input[type=reset].ot-sdk-button-primary,#ot-sdk-cookie-policy input[type=button].ot-sdk-button-primary{color:#fff;background-color:#33c3f0;border-color:#33c3f0}#onetrust-banner-sdk .ot-sdk-button.ot-sdk-button-primary:hover,#onetrust-banner-sdk button.ot-sdk-button-primary:hover,#onetrust-banner-sdk input[type=submit].ot-sdk-button-primary:hover,#onetrust-banner-sdk input[type=reset].ot-sdk-button-primary:hover,#onetrust-banner-sdk input[type=button].ot-sdk-button-primary:hover,#onetrust-banner-sdk .ot-sdk-button.ot-sdk-button-primary:focus,#onetrust-banner-sdk button.ot-sdk-button-primary:focus,#onetrust-banner-sdk input[type=submit].ot-sdk-button-primary:focus,#onetrust-banner-sdk input[type=reset].ot-sdk-button-primary:focus,#onetrust-banner-sdk input[type=button].ot-sdk-button-primary:focus,#onetrust-pc-sdk .ot-sdk-button.ot-sdk-button-primary:hover,#onetrust-pc-sdk button.ot-sdk-button-primary:hover,#onetrust-pc-sdk input[type=submit].ot-sdk-button-primary:hover,#onetrust-pc-sdk input[type=reset].ot-sdk-button-primary:hover,#onetrust-pc-sdk input[type=button].ot-sdk-button-primary:hover,#onetrust-pc-sdk .ot-sdk-button.ot-sdk-button-primary:focus,#onetrust-pc-sdk button.ot-sdk-button-primary:focus,#onetrust-pc-sdk input[type=submit].ot-sdk-button-primary:focus,#onetrust-pc-sdk input[type=reset].ot-sdk-button-primary:focus,#onetrust-pc-sdk input[type=button].ot-sdk-button-primary:focus,#ot-sdk-cookie-policy .ot-sdk-button.ot-sdk-button-primary:hover,#ot-sdk-cookie-policy button.ot-sdk-button-primary:hover,#ot-sdk-cookie-policy input[type=submit].ot-sdk-button-primary:hover,#ot-sdk-cookie-policy input[type=reset].ot-sdk-button-primary:hover,#ot-sdk-cookie-policy input[type=button].ot-sdk-button-primary:hover,#ot-sdk-cookie-policy .ot-sdk-button.ot-sdk-button-primary:focus,#ot-sdk-cookie-policy button.ot-sdk-button-primary:focus,#ot-sdk-cookie-policy input[type=submit].ot-sdk-button-primary:focus,#ot-sdk-cookie-policy input[type=reset].ot-sdk-button-primary:focus,#ot-sdk-cookie-policy input[type=button].ot-sdk-button-primary:focus{color:#fff;background-color:#1eaedb;border-color:#1eaedb}#onetrust-banner-sdk input[type=text],#onetrust-pc-sdk input[type=text],#ot-sdk-cookie-policy input[type=text]{height:38px;padding:6px 10px;background-color:#fff;border:1px solid #d1d1d1;border-radius:4px;box-shadow:none;box-sizing:border-box}#onetrust-banner-sdk input[type=text],#onetrust-pc-sdk input[type=text],#ot-sdk-cookie-policy input[type=text]{-webkit-appearance:none;-moz-appearance:none;appearance:none}#onetrust-banner-sdk input[type=text]:focus,#onetrust-pc-sdk input[type=text]:focus,#ot-sdk-cookie-policy input[type=text]:focus{border:1px solid #000;outline:0}#onetrust-banner-sdk label,#onetrust-pc-sdk label,#ot-sdk-cookie-policy label{display:block;margin-bottom:.5rem;font-weight:600}#onetrust-banner-sdk input[type=checkbox],#onetrust-pc-sdk input[type=checkbox],#ot-sdk-cookie-policy input[type=checkbox]{display:inline}#onetrust-banner-sdk ul,#onetrust-pc-sdk ul,#ot-sdk-cookie-policy ul{list-style:circle inside}#onetrust-banner-sdk ul,#onetrust-pc-sdk ul,#ot-sdk-cookie-policy ul{padding-left:0;margin-top:0}#onetrust-banner-sdk ul ul,#onetrust-pc-sdk ul ul,#ot-sdk-cookie-policy ul ul{margin:1.5rem 0 1.5rem 3rem;font-size:90%}#onetrust-banner-sdk li,#onetrust-pc-sdk li,#ot-sdk-cookie-policy li{margin-bottom:1rem}#onetrust-banner-sdk th,#onetrust-banner-sdk td,#onetrust-pc-sdk th,#onetrust-pc-sdk td,#ot-sdk-cookie-policy th,#ot-sdk-cookie-policy td{padding:12px 15px;text-align:left;border-bottom:1px solid #e1e1e1}#onetrust-banner-sdk button,#onetrust-pc-sdk button,#ot-sdk-cookie-policy button{margin-bottom:1rem;font-family:inherit}#onetrust-banner-sdk .ot-sdk-container:after,#onetrust-banner-sdk .ot-sdk-row:after,#onetrust-pc-sdk .ot-sdk-container:after,#onetrust-pc-sdk .ot-sdk-row:after,#ot-sdk-cookie-policy .ot-sdk-container:after,#ot-sdk-cookie-policy .ot-sdk-row:after{content:"";display:table;clear:both}#onetrust-banner-sdk .ot-sdk-row,#onetrust-pc-sdk .ot-sdk-row,#ot-sdk-cookie-policy .ot-sdk-row{margin:0;max-width:none;display:block}#onetrust-banner-sdk{box-shadow:0 0 18px rgba(0,0,0,.2)}#onetrust-banner-sdk.otFlat{position:fixed;z-index:2147483645;bottom:0;right:0;left:0;background-color:#fff;max-height:90%;overflow-x:hidden;overflow-y:auto}#onetrust-banner-sdk.otFlat.top{top:0px;bottom:auto}#onetrust-banner-sdk.otRelFont{font-size:1rem}#onetrust-banner-sdk>.ot-sdk-container{overflow:hidden}#onetrust-banner-sdk::-webkit-scrollbar{width:11px}#onetrust-banner-sdk::-webkit-scrollbar-thumb{border-radius:10px;background:#c1c1c1}#onetrust-banner-sdk{scrollbar-arrow-color:#c1c1c1;scrollbar-darkshadow-color:#c1c1c1;scrollbar-face-color:#c1c1c1;scrollbar-shadow-color:#c1c1c1}#onetrust-banner-sdk #onetrust-policy{margin:1.25em 0 .625em 2em;overflow:hidden}#onetrust-banner-sdk #onetrust-policy .ot-gv-list-handler{float:left;font-size:.82em;padding:0;margin-bottom:0;border:0;line-height:normal;height:auto;width:auto}#onetrust-banner-sdk #onetrust-policy-title{font-size:1.2em;line-height:1.3;margin-bottom:10px}#onetrust-banner-sdk #onetrust-policy-text{clear:both;text-align:left;font-size:.88em;line-height:1.4}#onetrust-banner-sdk #onetrust-policy-text *{font-size:inherit;line-height:inherit}#onetrust-banner-sdk #onetrust-policy-text a{font-weight:bold;margin-left:5px}#onetrust-banner-sdk #onetrust-policy-title,#onetrust-banner-sdk #onetrust-policy-text{color:dimgray;float:left}#onetrust-banner-sdk #onetrust-button-group-parent{min-height:1px;text-align:center}#onetrust-banner-sdk #onetrust-button-group{display:inline-block}#onetrust-banner-sdk #onetrust-accept-btn-handler,#onetrust-banner-sdk #onetrust-reject-all-handler,#onetrust-banner-sdk #onetrust-pc-btn-handler{background-color:#68b631;color:#fff;border-color:#68b631;margin-right:1em;min-width:125px;height:auto;white-space:normal;word-break:break-word;word-wrap:break-word;padding:12px 10px;line-height:1.2;font-size:.813em;font-weight:600}#onetrust-banner-sdk #onetrust-pc-btn-handler.cookie-setting-link{background-color:#fff;border:none;color:#68b631;text-decoration:underline;padding-left:0;padding-right:0}#onetrust-banner-sdk .onetrust-close-btn-ui{width:44px;height:44px;background-size:12px;border:none;position:relative;margin:auto;padding:0}#onetrust-banner-sdk .banner_logo{display:none}#onetrust-banner-sdk.ot-bnr-w-logo .ot-bnr-logo{position:absolute;top:50%;transform:translateY(-50%);left:0px}#onetrust-banner-sdk.ot-bnr-w-logo #onetrust-policy{margin-left:65px}#onetrust-banner-sdk .ot-b-addl-desc{clear:both;float:left;display:block}#onetrust-banner-sdk #banner-options{float:left;display:table;margin-right:0;margin-left:1em;width:calc(100% - 1em)}#onetrust-banner-sdk .banner-option-input{cursor:pointer;width:auto;height:auto;border:none;padding:0;padding-right:3px;margin:0 0 10px;font-size:.82em;line-height:1.4}#onetrust-banner-sdk .banner-option-input *{pointer-events:none;font-size:inherit;line-height:inherit}#onetrust-banner-sdk .banner-option-input[aria-expanded=true]~.banner-option-details{display:block;height:auto}#onetrust-banner-sdk .banner-option-input[aria-expanded=true] .ot-arrow-container{transform:rotate(90deg)}#onetrust-banner-sdk .banner-option{margin-bottom:12px;margin-left:0;border:none;float:left;padding:0}#onetrust-banner-sdk .banner-option:first-child{padding-left:2px}#onetrust-banner-sdk .banner-option:not(:first-child){padding:0;border:none}#onetrust-banner-sdk .banner-option-header{cursor:pointer;display:inline-block}#onetrust-banner-sdk .banner-option-header :first-child{color:dimgray;font-weight:bold;float:left}#onetrust-banner-sdk .banner-option-header .ot-arrow-container{display:inline-block;border-top:6px solid rgba(0,0,0,0);border-bottom:6px solid rgba(0,0,0,0);border-left:6px solid dimgray;margin-left:10px;vertical-align:middle}#onetrust-banner-sdk .banner-option-details{display:none;font-size:.83em;line-height:1.5;padding:10px 0px 5px 10px;margin-right:10px;height:0px}#onetrust-banner-sdk .banner-option-details *{font-size:inherit;line-height:inherit;color:dimgray}#onetrust-banner-sdk .ot-arrow-container,#onetrust-banner-sdk .banner-option-details{transition:all 300ms ease-in 0s;-webkit-transition:all 300ms ease-in 0s;-moz-transition:all 300ms ease-in 0s;-o-transition:all 300ms ease-in 0s}#onetrust-banner-sdk .ot-dpd-container{float:left}#onetrust-banner-sdk .ot-dpd-title{margin-bottom:10px}#onetrust-banner-sdk .ot-dpd-title,#onetrust-banner-sdk .ot-dpd-desc{font-size:.88em;line-height:1.4;color:dimgray}#onetrust-banner-sdk .ot-dpd-title *,#onetrust-banner-sdk .ot-dpd-desc *{font-size:inherit;line-height:inherit}#onetrust-banner-sdk.ot-iab-2 #onetrust-policy-text *{margin-bottom:0}#onetrust-banner-sdk.ot-iab-2 .onetrust-vendors-list-handler{display:block;margin-left:0;margin-top:5px;clear:both;margin-bottom:0;padding:0;border:0;height:auto;width:auto}#onetrust-banner-sdk.ot-iab-2 #onetrust-button-group button{display:block}#onetrust-banner-sdk.ot-close-btn-link{padding-top:25px}#onetrust-banner-sdk.ot-close-btn-link #onetrust-close-btn-container{top:15px;transform:none;right:15px}#onetrust-banner-sdk.ot-close-btn-link #onetrust-close-btn-container button{padding:0;white-space:pre-wrap;border:none;height:auto;line-height:1.5;text-decoration:underline;font-size:.69em}#onetrust-banner-sdk #onetrust-policy-text,#onetrust-banner-sdk .ot-dpd-desc,#onetrust-banner-sdk .ot-b-addl-desc{font-size:.813em;line-height:1.5}#onetrust-banner-sdk .ot-dpd-desc{margin-bottom:10px}#onetrust-banner-sdk .ot-dpd-desc>.ot-b-addl-desc{margin-top:10px;margin-bottom:10px;font-size:1em}@media only screen and (max-width: 425px){#onetrust-banner-sdk #onetrust-close-btn-container{position:absolute;top:6px;right:2px}#onetrust-banner-sdk #onetrust-policy{margin-left:0;margin-top:3em}#onetrust-banner-sdk #onetrust-button-group{display:block}#onetrust-banner-sdk #onetrust-accept-btn-handler,#onetrust-banner-sdk #onetrust-reject-all-handler,#onetrust-banner-sdk #onetrust-pc-btn-handler{width:100%}#onetrust-banner-sdk .onetrust-close-btn-ui{top:auto;transform:none}#onetrust-banner-sdk #onetrust-policy-title{display:inline;float:none}#onetrust-banner-sdk #banner-options{margin:0;padding:0;width:100%}}@media only screen and (min-width: 426px)and (max-width: 896px){#onetrust-banner-sdk #onetrust-close-btn-container{position:absolute;top:0;right:0}#onetrust-banner-sdk #onetrust-policy{margin-left:1em;margin-right:1em}#onetrust-banner-sdk .onetrust-close-btn-ui{top:10px;right:10px}#onetrust-banner-sdk:not(.ot-iab-2) #onetrust-group-container{width:95%}#onetrust-banner-sdk.ot-iab-2 #onetrust-group-container{width:100%}#onetrust-banner-sdk.ot-bnr-w-logo #onetrust-button-group-parent{padding-left:50px}#onetrust-banner-sdk #onetrust-button-group-parent{width:100%;position:relative;margin-left:0}#onetrust-banner-sdk #onetrust-button-group button{display:inline-block}#onetrust-banner-sdk #onetrust-button-group{margin-right:0;text-align:center}#onetrust-banner-sdk .has-reject-all-button #onetrust-pc-btn-handler{float:left}#onetrust-banner-sdk .has-reject-all-button #onetrust-reject-all-handler,#onetrust-banner-sdk .has-reject-all-button #onetrust-accept-btn-handler{float:right}#onetrust-banner-sdk .has-reject-all-button #onetrust-button-group{width:calc(100% - 2em);margin-right:0}#onetrust-banner-sdk .has-reject-all-button #onetrust-pc-btn-handler.cookie-setting-link{padding-left:0px;text-align:left}#onetrust-banner-sdk.ot-buttons-fw .ot-sdk-three button{width:100%;text-align:center}#onetrust-banner-sdk.ot-buttons-fw #onetrust-button-group-parent button{float:none}#onetrust-banner-sdk.ot-buttons-fw #onetrust-pc-btn-handler.cookie-setting-link{text-align:center}}@media only screen and (min-width: 550px){#onetrust-banner-sdk .banner-option:not(:first-child){border-left:1px solid #d8d8d8;padding-left:25px}}@media only screen and (min-width: 425px)and (max-width: 550px){#onetrust-banner-sdk.ot-iab-2 #onetrust-button-group,#onetrust-banner-sdk.ot-iab-2 #onetrust-policy,#onetrust-banner-sdk.ot-iab-2 .banner-option{width:100%}#onetrust-banner-sdk.ot-iab-2 #onetrust-button-group #onetrust-accept-btn-handler,#onetrust-banner-sdk.ot-iab-2 #onetrust-button-group #onetrust-reject-all-handler,#onetrust-banner-sdk.ot-iab-2 #onetrust-button-group #onetrust-pc-btn-handler{width:100%}#onetrust-banner-sdk.ot-iab-2 #onetrust-button-group #onetrust-accept-btn-handler,#onetrust-banner-sdk.ot-iab-2 #onetrust-button-group #onetrust-reject-all-handler{float:left}}@media only screen and (min-width: 769px){#onetrust-banner-sdk #onetrust-button-group{margin-right:30%}#onetrust-banner-sdk #banner-options{margin-left:2em;margin-right:5em;margin-bottom:1.25em;width:calc(100% - 7em)}}@media only screen and (min-width: 897px)and (max-width: 1023px){#onetrust-banner-sdk.vertical-align-content #onetrust-button-group-parent{position:absolute;top:50%;left:75%;transform:translateY(-50%)}#onetrust-banner-sdk #onetrust-close-btn-container{top:50%;margin:auto;transform:translate(-50%, -50%);position:absolute;padding:0;right:0}#onetrust-banner-sdk #onetrust-close-btn-container button{position:relative;margin:0;right:-22px;top:2px}}@media only screen and (min-width: 1024px){#onetrust-banner-sdk #onetrust-close-btn-container{top:50%;margin:auto;transform:translate(-50%, -50%);position:absolute;right:0}#onetrust-banner-sdk #onetrust-close-btn-container button{right:-12px}#onetrust-banner-sdk #onetrust-policy{margin-left:2em}#onetrust-banner-sdk.vertical-align-content #onetrust-button-group-parent{position:absolute;top:50%;left:60%;transform:translateY(-50%)}#onetrust-banner-sdk .ot-optout-signal{width:50%}#onetrust-banner-sdk.ot-iab-2 #onetrust-policy-title{width:50%}#onetrust-banner-sdk.ot-iab-2 #onetrust-policy-text,#onetrust-banner-sdk.ot-iab-2 :not(.ot-dpd-desc)>.ot-b-addl-desc{margin-bottom:1em;width:50%;border-right:1px solid #d8d8d8;padding-right:1rem}#onetrust-banner-sdk.ot-iab-2 #onetrust-policy-text{margin-bottom:0;padding-bottom:1em}#onetrust-banner-sdk.ot-iab-2 :not(.ot-dpd-desc)>.ot-b-addl-desc{margin-bottom:0;padding-bottom:1em}#onetrust-banner-sdk.ot-iab-2 .ot-dpd-container{width:45%;padding-left:1rem;display:inline-block;float:none}#onetrust-banner-sdk.ot-iab-2 .ot-dpd-title{line-height:1.7}#onetrust-banner-sdk.ot-iab-2 #onetrust-button-group-parent{left:auto;right:4%;margin-left:0}#onetrust-banner-sdk.ot-iab-2 #onetrust-button-group button{display:block}#onetrust-banner-sdk:not(.ot-iab-2) #onetrust-button-group-parent{margin:auto;width:30%}#onetrust-banner-sdk:not(.ot-iab-2) #onetrust-group-container{width:60%}#onetrust-banner-sdk #onetrust-button-group{margin-right:auto}#onetrust-banner-sdk #onetrust-accept-btn-handler,#onetrust-banner-sdk #onetrust-reject-all-handler,#onetrust-banner-sdk #onetrust-pc-btn-handler{margin-top:1em}}@media only screen and (min-width: 890px){#onetrust-banner-sdk.ot-buttons-fw:not(.ot-iab-2) #onetrust-button-group-parent{padding-left:3%;padding-right:4%;margin-left:0}#onetrust-banner-sdk.ot-buttons-fw:not(.ot-iab-2) #onetrust-button-group{margin-right:0;margin-top:1.25em;width:100%}#onetrust-banner-sdk.ot-buttons-fw:not(.ot-iab-2) #onetrust-button-group button{width:100%;margin-bottom:5px;margin-top:5px}#onetrust-banner-sdk.ot-buttons-fw:not(.ot-iab-2) #onetrust-button-group button:last-of-type{margin-bottom:20px}}@media only screen and (min-width: 1280px){#onetrust-banner-sdk:not(.ot-iab-2) #onetrust-group-container{width:55%}#onetrust-banner-sdk:not(.ot-iab-2) #onetrust-button-group-parent{width:44%;padding-left:2%;padding-right:2%}#onetrust-banner-sdk:not(.ot-iab-2).vertical-align-content #onetrust-button-group-parent{position:absolute;left:55%}}
        #onetrust-consent-sdk #onetrust-banner-sdk {background-color: #FFFFFF;}
            #onetrust-consent-sdk #onetrust-policy-title,
                    #onetrust-consent-sdk #onetrust-policy-text,
                    #onetrust-consent-sdk .ot-b-addl-desc,
                    #onetrust-consent-sdk .ot-dpd-desc,
                    #onetrust-consent-sdk .ot-dpd-title,
                    #onetrust-consent-sdk #onetrust-policy-text *:not(.onetrust-vendors-list-handler),
                    #onetrust-consent-sdk .ot-dpd-desc *:not(.onetrust-vendors-list-handler),
                    #onetrust-consent-sdk #onetrust-banner-sdk #banner-options *,
                    #onetrust-banner-sdk .ot-cat-header,
                    #onetrust-banner-sdk .ot-optout-signal
                    {
                        color: #101010;
                    }
            #onetrust-consent-sdk #onetrust-banner-sdk .banner-option-details {
                    background-color: #efefef;}
             #onetrust-consent-sdk #onetrust-banner-sdk a[href],
                    #onetrust-consent-sdk #onetrust-banner-sdk a[href] font,
                    #onetrust-consent-sdk #onetrust-banner-sdk .ot-link-btn
                        {
                            color: #101010;
                        }#onetrust-consent-sdk #onetrust-accept-btn-handler,
                         #onetrust-banner-sdk #onetrust-reject-all-handler {
                            background-color: #101010;border-color: #101010;
                color: #FFFFFF;
            }
            #onetrust-consent-sdk #onetrust-banner-sdk *:focus,
            #onetrust-consent-sdk #onetrust-banner-sdk:focus {
               outline-color: #000000;
               outline-width: 1px;
            }
            #onetrust-consent-sdk #onetrust-pc-btn-handler,
            #onetrust-consent-sdk #onetrust-pc-btn-handler.cookie-setting-link {
                color: #101010; border-color: #101010;
                background-color:
                #FFFFFF;
            }#onetrust-pc-sdk.otPcCenter{overflow:hidden;position:fixed;margin:0 auto;top:5%;right:0;left:0;width:40%;max-width:575px;min-width:575px;border-radius:2.5px;z-index:2147483647;background-color:#fff;-webkit-box-shadow:0px 2px 10px -3px #999;-moz-box-shadow:0px 2px 10px -3px #999;box-shadow:0px 2px 10px -3px #999}#onetrust-pc-sdk.otPcCenter[dir=rtl]{right:0;left:0}#onetrust-pc-sdk.otRelFont{font-size:1rem}#onetrust-pc-sdk .ot-optout-signal{margin-top:.625rem}#onetrust-pc-sdk #ot-addtl-venlst .ot-arw-cntr,#onetrust-pc-sdk #ot-addtl-venlst .ot-plus-minus,#onetrust-pc-sdk .ot-hide-tgl{visibility:hidden}#onetrust-pc-sdk #ot-addtl-venlst .ot-arw-cntr *,#onetrust-pc-sdk #ot-addtl-venlst .ot-plus-minus *,#onetrust-pc-sdk .ot-hide-tgl *{visibility:hidden}#onetrust-pc-sdk #ot-gn-venlst .ot-ven-item .ot-acc-hdr{min-height:40px}#onetrust-pc-sdk .ot-pc-header{height:39px;padding:10px 0 10px 30px;border-bottom:1px solid #e9e9e9}#onetrust-pc-sdk #ot-pc-title,#onetrust-pc-sdk #ot-category-title,#onetrust-pc-sdk .ot-cat-header,#onetrust-pc-sdk #ot-lst-title,#onetrust-pc-sdk .ot-ven-hdr .ot-ven-name,#onetrust-pc-sdk .ot-always-active{font-weight:bold;color:dimgray}#onetrust-pc-sdk .ot-always-active-group .ot-cat-header{width:55%;font-weight:700}#onetrust-pc-sdk .ot-cat-item p{clear:both;float:left;margin-top:10px;margin-bottom:5px;line-height:1.5;font-size:.812em;color:dimgray}#onetrust-pc-sdk .ot-close-icon{height:44px;width:44px;background-size:10px}#onetrust-pc-sdk #ot-pc-title{float:left;font-size:1em;line-height:1.5;margin-bottom:10px;margin-top:10px;width:100%}#onetrust-pc-sdk #accept-recommended-btn-handler{margin-right:10px;margin-bottom:25px;outline-offset:-1px}#onetrust-pc-sdk #ot-pc-desc{clear:both;width:100%;font-size:.812em;line-height:1.5;margin-bottom:25px}#onetrust-pc-sdk #ot-pc-desc a{margin-left:5px}#onetrust-pc-sdk #ot-pc-desc *{font-size:inherit;line-height:inherit}#onetrust-pc-sdk #ot-pc-desc ul li{padding:10px 0px}#onetrust-pc-sdk a{color:#656565;cursor:pointer}#onetrust-pc-sdk a:hover{color:#3860be}#onetrust-pc-sdk label{margin-bottom:0}#onetrust-pc-sdk #vdr-lst-dsc{font-size:.812em;line-height:1.5;padding:10px 15px 5px 15px}#onetrust-pc-sdk button{max-width:394px;padding:12px 30px;line-height:1;word-break:break-word;word-wrap:break-word;white-space:normal;font-weight:bold;height:auto}#onetrust-pc-sdk .ot-link-btn{padding:0;margin-bottom:0;border:0;font-weight:normal;line-height:normal;width:auto;height:auto}#onetrust-pc-sdk #ot-pc-content{position:absolute;overflow-y:scroll;padding-left:0px;padding-right:30px;top:60px;bottom:110px;margin:1px 3px 0 30px;width:calc(100% - 63px)}#onetrust-pc-sdk .ot-vs-list .ot-always-active,#onetrust-pc-sdk .ot-cat-grp .ot-always-active{float:right;clear:none;color:#3860be;margin:0;font-size:.813em;line-height:1.3}#onetrust-pc-sdk .ot-pc-scrollbar::-webkit-scrollbar-track{margin-right:20px}#onetrust-pc-sdk .ot-pc-scrollbar::-webkit-scrollbar{width:11px}#onetrust-pc-sdk .ot-pc-scrollbar::-webkit-scrollbar-thumb{border-radius:10px;background:#d8d8d8}#onetrust-pc-sdk input[type=checkbox]:focus+.ot-acc-hdr{outline:#000 1px solid}#onetrust-pc-sdk .ot-pc-scrollbar{scrollbar-arrow-color:#d8d8d8;scrollbar-darkshadow-color:#d8d8d8;scrollbar-face-color:#d8d8d8;scrollbar-shadow-color:#d8d8d8}#onetrust-pc-sdk .save-preference-btn-handler{margin-right:20px}#onetrust-pc-sdk .ot-pc-refuse-all-handler{margin-right:10px}#onetrust-pc-sdk #ot-pc-desc .privacy-notice-link{margin-left:0;margin-right:8px}#onetrust-pc-sdk #ot-pc-desc .ot-imprint-handler{margin-left:0;margin-right:8px}#onetrust-pc-sdk .ot-subgrp-cntr{display:inline-block;clear:both;width:100%;padding-top:15px}#onetrust-pc-sdk .ot-switch+.ot-subgrp-cntr{padding-top:10px}#onetrust-pc-sdk ul.ot-subgrps{margin:0;font-size:initial}#onetrust-pc-sdk ul.ot-subgrps li p,#onetrust-pc-sdk ul.ot-subgrps li h5{font-size:.813em;line-height:1.4;color:dimgray}#onetrust-pc-sdk ul.ot-subgrps .ot-switch{min-height:auto}#onetrust-pc-sdk ul.ot-subgrps .ot-switch-nob{top:0}#onetrust-pc-sdk ul.ot-subgrps .ot-acc-hdr{display:inline-block;width:100%}#onetrust-pc-sdk ul.ot-subgrps .ot-acc-txt{margin:0}#onetrust-pc-sdk ul.ot-subgrps li{padding:0;border:none}#onetrust-pc-sdk ul.ot-subgrps li h5{position:relative;top:5px;font-weight:bold;margin-bottom:0;float:left}#onetrust-pc-sdk li.ot-subgrp{margin-left:20px;overflow:auto}#onetrust-pc-sdk li.ot-subgrp>h5{width:calc(100% - 100px)}#onetrust-pc-sdk .ot-cat-item p>ul,#onetrust-pc-sdk li.ot-subgrp p>ul{margin:0px;list-style:disc;margin-left:15px;font-size:inherit}#onetrust-pc-sdk .ot-cat-item p>ul li,#onetrust-pc-sdk li.ot-subgrp p>ul li{font-size:inherit;padding-top:10px;padding-left:0px;padding-right:0px;border:none}#onetrust-pc-sdk .ot-cat-item p>ul li:last-child,#onetrust-pc-sdk li.ot-subgrp p>ul li:last-child{padding-bottom:10px}#onetrust-pc-sdk .ot-pc-logo{height:40px;width:120px}#onetrust-pc-sdk .ot-pc-footer{position:absolute;bottom:0px;width:100%;max-height:160px;border-top:1px solid #d8d8d8}#onetrust-pc-sdk.ot-ftr-stacked .ot-pc-refuse-all-handler{margin-bottom:0px}#onetrust-pc-sdk.ot-ftr-stacked #ot-pc-content{bottom:160px}#onetrust-pc-sdk.ot-ftr-stacked .ot-pc-footer button{width:100%;max-width:none}#onetrust-pc-sdk.ot-ftr-stacked .ot-btn-container{margin:0 30px;width:calc(100% - 60px);padding-right:0}#onetrust-pc-sdk .ot-pc-footer-logo{height:30px;width:100%;text-align:right;background:#f4f4f4}#onetrust-pc-sdk .ot-pc-footer-logo a{display:inline-block;margin-top:5px;margin-right:10px}#onetrust-pc-sdk[dir=rtl] .ot-pc-footer-logo{direction:rtl}#onetrust-pc-sdk[dir=rtl] .ot-pc-footer-logo a{margin-right:25px}#onetrust-pc-sdk .ot-tgl{float:right;position:relative;z-index:1}#onetrust-pc-sdk .ot-tgl input:checked+.ot-switch .ot-switch-nob{background-color:#468254;border:1px solid #fff}#onetrust-pc-sdk .ot-tgl input:checked+.ot-switch .ot-switch-nob:before{-webkit-transform:translateX(20px);-ms-transform:translateX(20px);transform:translateX(20px);background-color:#fff;border-color:#fff}#onetrust-pc-sdk .ot-tgl input:focus+.ot-switch{outline:#000 solid 1px}#onetrust-pc-sdk .ot-switch{position:relative;display:inline-block;width:45px;height:25px}#onetrust-pc-sdk .ot-switch-nob{position:absolute;cursor:pointer;top:0;left:0;right:0;bottom:0;background-color:#767676;border:1px solid #ddd;transition:all .2s ease-in 0s;-moz-transition:all .2s ease-in 0s;-o-transition:all .2s ease-in 0s;-webkit-transition:all .2s ease-in 0s;border-radius:20px}#onetrust-pc-sdk .ot-switch-nob:before{position:absolute;content:"";height:18px;width:18px;bottom:3px;left:3px;background-color:#fff;-webkit-transition:.4s;transition:.4s;border-radius:20px}#onetrust-pc-sdk .ot-chkbox input:checked~label::before{background-color:#3860be}#onetrust-pc-sdk .ot-chkbox input+label::after{content:none;color:#fff}#onetrust-pc-sdk .ot-chkbox input:checked+label::after{content:""}#onetrust-pc-sdk .ot-chkbox input:focus+label::before{outline-style:solid;outline-width:2px;outline-style:auto}#onetrust-pc-sdk .ot-chkbox label{position:relative;display:inline-block;padding-left:30px;cursor:pointer;font-weight:500}#onetrust-pc-sdk .ot-chkbox label::before,#onetrust-pc-sdk .ot-chkbox label::after{position:absolute;content:"";display:inline-block;border-radius:3px}#onetrust-pc-sdk .ot-chkbox label::before{height:18px;width:18px;border:1px solid #3860be;left:0px;top:auto}#onetrust-pc-sdk .ot-chkbox label::after{height:5px;width:9px;border-left:3px solid;border-bottom:3px solid;transform:rotate(-45deg);-o-transform:rotate(-45deg);-ms-transform:rotate(-45deg);-webkit-transform:rotate(-45deg);left:4px;top:5px}#onetrust-pc-sdk .ot-label-txt{display:none}#onetrust-pc-sdk .ot-chkbox input,#onetrust-pc-sdk .ot-tgl input{position:absolute;opacity:0;width:0;height:0}#onetrust-pc-sdk .ot-arw-cntr{float:right;position:relative;pointer-events:none}#onetrust-pc-sdk .ot-arw-cntr .ot-arw{width:16px;height:16px;margin-left:5px;color:dimgray;display:inline-block;vertical-align:middle;-webkit-transition:all 150ms ease-in 0s;-moz-transition:all 150ms ease-in 0s;-o-transition:all 150ms ease-in 0s;transition:all 150ms ease-in 0s}#onetrust-pc-sdk input:checked~.ot-acc-hdr .ot-arw,#onetrust-pc-sdk button[aria-expanded=true]~.ot-acc-hdr .ot-arw-cntr svg{transform:rotate(90deg);-o-transform:rotate(90deg);-ms-transform:rotate(90deg);-webkit-transform:rotate(90deg)}#onetrust-pc-sdk input[type=checkbox]:focus+.ot-acc-hdr{outline:#000 1px solid}#onetrust-pc-sdk .ot-tgl-cntr,#onetrust-pc-sdk .ot-arw-cntr{display:inline-block}#onetrust-pc-sdk .ot-tgl-cntr{width:45px;float:right;margin-top:2px}#onetrust-pc-sdk #ot-lst-cnt .ot-tgl-cntr{margin-top:10px}#onetrust-pc-sdk .ot-always-active-subgroup{width:auto;padding-left:0px !important;top:3px;position:relative}#onetrust-pc-sdk .ot-label-status{padding-left:5px;font-size:.75em;display:none}#onetrust-pc-sdk .ot-arw-cntr{margin-top:-1px}#onetrust-pc-sdk .ot-arw-cntr svg{-webkit-transition:all 300ms ease-in 0s;-moz-transition:all 300ms ease-in 0s;-o-transition:all 300ms ease-in 0s;transition:all 300ms ease-in 0s;height:10px;width:10px}#onetrust-pc-sdk input:checked~.ot-acc-hdr .ot-arw{transform:rotate(90deg);-o-transform:rotate(90deg);-ms-transform:rotate(90deg);-webkit-transform:rotate(90deg)}#onetrust-pc-sdk .ot-arw{width:10px;margin-left:15px;transition:all 300ms ease-in 0s;-webkit-transition:all 300ms ease-in 0s;-moz-transition:all 300ms ease-in 0s;-o-transition:all 300ms ease-in 0s}#onetrust-pc-sdk .ot-vlst-cntr{margin-bottom:0}#onetrust-pc-sdk .ot-hlst-cntr{margin-top:5px;display:inline-block;width:100%}#onetrust-pc-sdk .category-vendors-list-handler,#onetrust-pc-sdk .category-vendors-list-handler+a,#onetrust-pc-sdk .category-host-list-handler{clear:both;color:#3860be;margin-left:0;font-size:.813em;text-decoration:none;float:left;overflow:hidden}#onetrust-pc-sdk .category-vendors-list-handler:hover,#onetrust-pc-sdk .category-vendors-list-handler+a:hover,#onetrust-pc-sdk .category-host-list-handler:hover{text-decoration-line:underline}#onetrust-pc-sdk .category-vendors-list-handler+a{clear:none}#onetrust-pc-sdk .ot-vlst-cntr .ot-ext-lnk,#onetrust-pc-sdk .ot-ven-hdr .ot-ext-lnk{display:inline-block;height:13px;width:13px;background-repeat:no-repeat;margin-left:1px;margin-top:6px;cursor:pointer}#onetrust-pc-sdk .ot-ven-hdr .ot-ext-lnk{margin-bottom:-1px}#onetrust-pc-sdk .back-btn-handler{font-size:1em;text-decoration:none}#onetrust-pc-sdk .back-btn-handler:hover{opacity:.6}#onetrust-pc-sdk #ot-lst-title h3{display:inline-block;word-break:break-word;word-wrap:break-word;margin-bottom:0;color:#656565;font-size:1em;font-weight:bold;margin-left:15px}#onetrust-pc-sdk #ot-lst-title{margin:10px 0 10px 0px;font-size:1em;text-align:left}#onetrust-pc-sdk #ot-pc-hdr{margin:0 0 0 30px;height:auto;width:auto}#onetrust-pc-sdk #ot-pc-hdr input::placeholder{color:#d4d4d4;font-style:italic}#onetrust-pc-sdk #vendor-search-handler{height:31px;width:100%;border-radius:50px;font-size:.8em;padding-right:35px;padding-left:15px;float:left;margin-left:15px}#onetrust-pc-sdk .ot-ven-name{display:block;width:auto;padding-right:5px}#onetrust-pc-sdk #ot-lst-cnt{overflow-y:auto;margin-left:20px;margin-right:7px;width:calc(100% - 27px);max-height:calc(100% - 80px);height:100%;transform:translate3d(0, 0, 0)}#onetrust-pc-sdk #ot-pc-lst{width:100%;bottom:100px;position:absolute;top:60px}#onetrust-pc-sdk #ot-pc-lst:not(.ot-enbl-chr) .ot-tgl-cntr .ot-arw-cntr,#onetrust-pc-sdk #ot-pc-lst:not(.ot-enbl-chr) .ot-tgl-cntr .ot-arw-cntr *{visibility:hidden}#onetrust-pc-sdk #ot-pc-lst .ot-tgl-cntr{right:12px;position:absolute}#onetrust-pc-sdk #ot-pc-lst .ot-arw-cntr{float:right;position:relative}#onetrust-pc-sdk #ot-pc-lst .ot-arw{margin-left:10px}#onetrust-pc-sdk #ot-pc-lst .ot-acc-hdr{overflow:hidden;cursor:pointer}#onetrust-pc-sdk .ot-vlst-cntr{overflow:hidden}#onetrust-pc-sdk #ot-sel-blk{overflow:hidden;width:100%;position:sticky;position:-webkit-sticky;top:0;z-index:3}#onetrust-pc-sdk #ot-back-arw{height:12px;width:12px}#onetrust-pc-sdk .ot-lst-subhdr{width:100%;display:inline-block}#onetrust-pc-sdk .ot-search-cntr{float:left;width:78%;position:relative}#onetrust-pc-sdk .ot-search-cntr>svg{width:30px;height:30px;position:absolute;float:left;right:-15px}#onetrust-pc-sdk .ot-fltr-cntr{float:right;right:50px;position:relative}#onetrust-pc-sdk #filter-btn-handler{background-color:#3860be;border-radius:17px;display:inline-block;position:relative;width:32px;height:32px;-moz-transition:.1s ease;-o-transition:.1s ease;-webkit-transition:1s ease;transition:.1s ease;padding:0;margin:0}#onetrust-pc-sdk #filter-btn-handler:hover{background-color:#3860be}#onetrust-pc-sdk #filter-btn-handler svg{width:12px;height:12px;margin:3px 10px 0 10px;display:block;position:static;right:auto;top:auto}#onetrust-pc-sdk .ot-ven-link,#onetrust-pc-sdk .ot-ven-legclaim-link{color:#3860be;text-decoration:none;font-weight:100;display:inline-block;padding-top:10px;transform:translate(0, 1%);-o-transform:translate(0, 1%);-ms-transform:translate(0, 1%);-webkit-transform:translate(0, 1%);position:relative;z-index:2}#onetrust-pc-sdk .ot-ven-link *,#onetrust-pc-sdk .ot-ven-legclaim-link *{font-size:inherit}#onetrust-pc-sdk .ot-ven-link:hover,#onetrust-pc-sdk .ot-ven-legclaim-link:hover{text-decoration:underline}#onetrust-pc-sdk .ot-ven-hdr{width:calc(100% - 160px);height:auto;float:left;word-break:break-word;word-wrap:break-word;vertical-align:middle;padding-bottom:3px}#onetrust-pc-sdk .ot-ven-link,#onetrust-pc-sdk .ot-ven-legclaim-link{letter-spacing:.03em;font-size:.75em;font-weight:400}#onetrust-pc-sdk .ot-ven-dets{border-radius:2px;background-color:#f8f8f8}#onetrust-pc-sdk .ot-ven-dets li:first-child p:first-child{border-top:none}#onetrust-pc-sdk .ot-ven-dets .ot-ven-disc:not(:first-child){border-top:1px solid #ddd !important}#onetrust-pc-sdk .ot-ven-dets .ot-ven-disc:nth-child(n+3) p{display:inline-block}#onetrust-pc-sdk .ot-ven-dets .ot-ven-disc:nth-child(n+3) p:nth-of-type(odd){width:30%}#onetrust-pc-sdk .ot-ven-dets .ot-ven-disc:nth-child(n+3) p:nth-of-type(even){width:50%;word-break:break-word;word-wrap:break-word}#onetrust-pc-sdk .ot-ven-dets .ot-ven-disc p,#onetrust-pc-sdk .ot-ven-dets .ot-ven-disc h5{padding-top:5px;padding-bottom:5px;display:block}#onetrust-pc-sdk .ot-ven-dets .ot-ven-disc h5{display:inline-block}#onetrust-pc-sdk .ot-ven-dets .ot-ven-disc p:nth-last-child(-n+1){padding-bottom:10px}#onetrust-pc-sdk .ot-ven-dets .ot-ven-disc p:nth-child(-n+2):not(.disc-pur){padding-top:10px}#onetrust-pc-sdk .ot-ven-dets .ot-ven-disc .disc-pur-cont{display:inline}#onetrust-pc-sdk .ot-ven-dets .ot-ven-disc .disc-pur{position:relative;width:50% !important;word-break:break-word;word-wrap:break-word;left:calc(30% + 17px)}#onetrust-pc-sdk .ot-ven-dets .ot-ven-disc .disc-pur:nth-child(-n+1){position:static}#onetrust-pc-sdk .ot-ven-dets p,#onetrust-pc-sdk .ot-ven-dets h5,#onetrust-pc-sdk .ot-ven-dets span{font-size:.69em;text-align:left;vertical-align:middle;word-break:break-word;word-wrap:break-word;margin:0;padding-bottom:10px;padding-left:15px;color:#2e3644}#onetrust-pc-sdk .ot-ven-dets h5{padding-top:5px}#onetrust-pc-sdk .ot-ven-dets span{color:dimgray;padding:0;vertical-align:baseline}#onetrust-pc-sdk .ot-ven-dets .ot-ven-pur h5{border-top:1px solid #e9e9e9;border-bottom:1px solid #e9e9e9;padding-bottom:5px;margin-bottom:5px;font-weight:bold}#onetrust-pc-sdk #ot-host-lst .ot-sel-all{float:right;position:relative;margin-right:42px;top:10px}#onetrust-pc-sdk #ot-host-lst .ot-sel-all input[type=checkbox]{width:auto;height:auto}#onetrust-pc-sdk #ot-host-lst .ot-sel-all label{height:20px;width:20px;padding-left:0px}#onetrust-pc-sdk #ot-host-lst .ot-acc-txt{overflow:hidden;width:95%}#onetrust-pc-sdk .ot-host-hdr{position:relative;z-index:1;pointer-events:none;width:calc(100% - 125px);float:left}#onetrust-pc-sdk .ot-host-name,#onetrust-pc-sdk .ot-host-desc{display:inline-block;width:90%}#onetrust-pc-sdk .ot-host-name{pointer-events:none}#onetrust-pc-sdk .ot-host-hdr>a{text-decoration:underline;font-size:.82em;position:relative;z-index:2;float:left;margin-bottom:5px;pointer-events:initial}#onetrust-pc-sdk .ot-host-name+a{margin-top:5px}#onetrust-pc-sdk .ot-host-name,#onetrust-pc-sdk .ot-host-name a,#onetrust-pc-sdk .ot-host-desc,#onetrust-pc-sdk .ot-host-info{color:dimgray;word-break:break-word;word-wrap:break-word}#onetrust-pc-sdk .ot-host-name,#onetrust-pc-sdk .ot-host-name a{font-weight:bold;font-size:.82em;line-height:1.3}#onetrust-pc-sdk .ot-host-name a{font-size:1em}#onetrust-pc-sdk .ot-host-expand{margin-top:3px;margin-bottom:3px;clear:both;display:block;color:#3860be;font-size:.72em;font-weight:normal}#onetrust-pc-sdk .ot-host-expand *{font-size:inherit}#onetrust-pc-sdk .ot-host-desc,#onetrust-pc-sdk .ot-host-info{font-size:.688em;line-height:1.4;font-weight:normal}#onetrust-pc-sdk .ot-host-desc{margin-top:10px}#onetrust-pc-sdk .ot-host-opt{margin:0;font-size:inherit;display:inline-block;width:100%}#onetrust-pc-sdk .ot-host-opt li>div div{font-size:.8em;padding:5px 0}#onetrust-pc-sdk .ot-host-opt li>div div:nth-child(1){width:30%;float:left}#onetrust-pc-sdk .ot-host-opt li>div div:nth-child(2){width:70%;float:left;word-break:break-word;word-wrap:break-word}#onetrust-pc-sdk .ot-host-info{border:none;display:inline-block;width:calc(100% - 10px);padding:10px;margin-bottom:10px;background-color:#f8f8f8}#onetrust-pc-sdk .ot-host-info>div{overflow:auto}#onetrust-pc-sdk #no-results{text-align:center;margin-top:30px}#onetrust-pc-sdk #no-results p{font-size:1em;color:#2e3644;word-break:break-word;word-wrap:break-word}#onetrust-pc-sdk #no-results p span{font-weight:bold}#onetrust-pc-sdk #ot-fltr-modal{width:100%;height:auto;display:none;-moz-transition:.2s ease;-o-transition:.2s ease;-webkit-transition:2s ease;transition:.2s ease;overflow:hidden;opacity:1;right:0}#onetrust-pc-sdk #ot-fltr-modal .ot-label-txt{display:inline-block;font-size:.85em;color:dimgray}#onetrust-pc-sdk #ot-fltr-cnt{z-index:2147483646;background-color:#fff;position:absolute;height:90%;max-height:300px;width:325px;left:210px;margin-top:10px;margin-bottom:20px;padding-right:10px;border-radius:3px;-webkit-box-shadow:0px 0px 12px 2px #c7c5c7;-moz-box-shadow:0px 0px 12px 2px #c7c5c7;box-shadow:0px 0px 12px 2px #c7c5c7}#onetrust-pc-sdk .ot-fltr-scrlcnt{overflow-y:auto;overflow-x:hidden;clear:both;max-height:calc(100% - 60px)}#onetrust-pc-sdk #ot-anchor{border:12px solid rgba(0,0,0,0);display:none;position:absolute;z-index:2147483647;right:55px;top:75px;transform:rotate(45deg);-o-transform:rotate(45deg);-ms-transform:rotate(45deg);-webkit-transform:rotate(45deg);background-color:#fff;-webkit-box-shadow:-3px -3px 5px -2px #c7c5c7;-moz-box-shadow:-3px -3px 5px -2px #c7c5c7;box-shadow:-3px -3px 5px -2px #c7c5c7}#onetrust-pc-sdk .ot-fltr-btns{margin-left:15px}#onetrust-pc-sdk #filter-apply-handler{margin-right:15px}#onetrust-pc-sdk .ot-fltr-opt{margin-bottom:25px;margin-left:15px;width:75%;position:relative}#onetrust-pc-sdk .ot-fltr-opt p{display:inline-block;margin:0;font-size:.9em;color:#2e3644}#onetrust-pc-sdk .ot-chkbox label span{font-size:.85em;color:dimgray}#onetrust-pc-sdk .ot-chkbox input[type=checkbox]+label::after{content:none;color:#fff}#onetrust-pc-sdk .ot-chkbox input[type=checkbox]:checked+label::after{content:""}#onetrust-pc-sdk .ot-chkbox input[type=checkbox]:focus+label::before{outline-style:solid;outline-width:2px;outline-style:auto}#onetrust-pc-sdk #ot-selall-vencntr,#onetrust-pc-sdk #ot-selall-adtlvencntr,#onetrust-pc-sdk #ot-selall-hostcntr,#onetrust-pc-sdk #ot-selall-licntr,#onetrust-pc-sdk #ot-selall-gnvencntr{right:15px;position:relative;width:20px;height:20px;float:right}#onetrust-pc-sdk #ot-selall-vencntr label,#onetrust-pc-sdk #ot-selall-adtlvencntr label,#onetrust-pc-sdk #ot-selall-hostcntr label,#onetrust-pc-sdk #ot-selall-licntr label,#onetrust-pc-sdk #ot-selall-gnvencntr label{float:left;padding-left:0}#onetrust-pc-sdk #ot-ven-lst:first-child{border-top:1px solid #e2e2e2}#onetrust-pc-sdk ul{list-style:none;padding:0}#onetrust-pc-sdk ul li{position:relative;margin:0;padding:15px 15px 15px 10px;border-bottom:1px solid #e2e2e2}#onetrust-pc-sdk ul li h3,#onetrust-pc-sdk ul li h4{font-size:.75em;color:#656565;margin:0;display:inline-block;width:70%;height:auto;word-break:break-word;word-wrap:break-word}#onetrust-pc-sdk ul li p{margin:0;font-size:.7em}#onetrust-pc-sdk ul li input[type=checkbox]{position:absolute;cursor:pointer;width:100%;height:100%;opacity:0;margin:0;top:0;left:0}#onetrust-pc-sdk .ot-cat-item>button:focus,#onetrust-pc-sdk .ot-acc-cntr>button:focus,#onetrust-pc-sdk li>button:focus{outline:#000 solid 2px}#onetrust-pc-sdk .ot-cat-item>button,#onetrust-pc-sdk .ot-acc-cntr>button,#onetrust-pc-sdk li>button{position:absolute;cursor:pointer;width:100%;height:100%;margin:0;top:0;left:0;z-index:1;max-width:none;border:none}#onetrust-pc-sdk .ot-cat-item>button[aria-expanded=false]~.ot-acc-txt,#onetrust-pc-sdk .ot-acc-cntr>button[aria-expanded=false]~.ot-acc-txt,#onetrust-pc-sdk li>button[aria-expanded=false]~.ot-acc-txt{margin-top:0;max-height:0;opacity:0;overflow:hidden;width:100%;transition:.25s ease-out;display:none}#onetrust-pc-sdk .ot-cat-item>button[aria-expanded=true]~.ot-acc-txt,#onetrust-pc-sdk .ot-acc-cntr>button[aria-expanded=true]~.ot-acc-txt,#onetrust-pc-sdk li>button[aria-expanded=true]~.ot-acc-txt{transition:.1s ease-in;margin-top:10px;width:100%;overflow:auto;display:block}#onetrust-pc-sdk .ot-cat-item>button[aria-expanded=true]~.ot-acc-grpcntr,#onetrust-pc-sdk .ot-acc-cntr>button[aria-expanded=true]~.ot-acc-grpcntr,#onetrust-pc-sdk li>button[aria-expanded=true]~.ot-acc-grpcntr{width:auto;margin-top:0px;padding-bottom:10px}#onetrust-pc-sdk .ot-host-item>button:focus,#onetrust-pc-sdk .ot-ven-item>button:focus{outline:0;border:2px solid #000}#onetrust-pc-sdk .ot-hide-acc>button{pointer-events:none}#onetrust-pc-sdk .ot-hide-acc .ot-plus-minus>*,#onetrust-pc-sdk .ot-hide-acc .ot-arw-cntr>*{visibility:hidden}#onetrust-pc-sdk .ot-hide-acc .ot-acc-hdr{min-height:30px}#onetrust-pc-sdk.ot-addtl-vendors #ot-lst-cnt:not(.ot-host-cnt){padding-right:10px;width:calc(100% - 37px);margin-top:10px;max-height:calc(100% - 90px)}#onetrust-pc-sdk.ot-addtl-vendors #ot-lst-cnt:not(.ot-host-cnt) #ot-sel-blk{background-color:#f9f9fc;border:1px solid #e2e2e2;width:calc(100% - 2px);padding-bottom:5px;padding-top:5px}#onetrust-pc-sdk.ot-addtl-vendors #ot-lst-cnt:not(.ot-host-cnt) #ot-sel-blk.ot-vnd-list-cnt{border:unset;background-color:unset}#onetrust-pc-sdk.ot-addtl-vendors #ot-lst-cnt:not(.ot-host-cnt) #ot-sel-blk.ot-vnd-list-cnt .ot-sel-all-hdr{display:none}#onetrust-pc-sdk.ot-addtl-vendors #ot-lst-cnt:not(.ot-host-cnt) #ot-sel-blk.ot-vnd-list-cnt .ot-sel-all{padding-right:.5rem}#onetrust-pc-sdk.ot-addtl-vendors #ot-lst-cnt:not(.ot-host-cnt) #ot-sel-blk.ot-vnd-list-cnt .ot-sel-all .ot-chkbox{right:0}#onetrust-pc-sdk.ot-addtl-vendors #ot-lst-cnt:not(.ot-host-cnt) .ot-sel-all{padding-right:34px}#onetrust-pc-sdk.ot-addtl-vendors #ot-lst-cnt:not(.ot-host-cnt) .ot-sel-all-chkbox{width:auto}#onetrust-pc-sdk.ot-addtl-vendors #ot-lst-cnt:not(.ot-host-cnt) ul li{border:1px solid #e2e2e2;margin-bottom:10px}#onetrust-pc-sdk.ot-addtl-vendors #ot-lst-cnt:not(.ot-host-cnt) .ot-acc-cntr>.ot-acc-hdr{padding:10px 0 10px 15px}#onetrust-pc-sdk.ot-addtl-vendors .ot-sel-all-chkbox{float:right}#onetrust-pc-sdk.ot-addtl-vendors .ot-plus-minus~.ot-sel-all-chkbox{right:34px}#onetrust-pc-sdk.ot-addtl-vendors #ot-ven-lst:first-child{border-top:none}#onetrust-pc-sdk .ot-acc-cntr{position:relative;border-left:1px solid #e2e2e2;border-right:1px solid #e2e2e2;border-bottom:1px solid #e2e2e2}#onetrust-pc-sdk .ot-acc-cntr input{z-index:1}#onetrust-pc-sdk .ot-acc-cntr>.ot-acc-hdr{background-color:#f9f9fc;padding:5px 0 5px 15px;width:auto}#onetrust-pc-sdk .ot-acc-cntr>.ot-acc-hdr .ot-plus-minus{vertical-align:middle;top:auto}#onetrust-pc-sdk .ot-acc-cntr>.ot-acc-hdr .ot-arw-cntr{right:10px}#onetrust-pc-sdk .ot-acc-cntr>.ot-acc-hdr input{z-index:2}#onetrust-pc-sdk .ot-acc-cntr.ot-add-tech .ot-acc-hdr{padding:10px 0 10px 15px}#onetrust-pc-sdk .ot-acc-cntr>input[type=checkbox]:checked~.ot-acc-hdr{border-bottom:1px solid #e2e2e2}#onetrust-pc-sdk .ot-acc-cntr>.ot-acc-txt{padding-left:10px;padding-right:10px}#onetrust-pc-sdk .ot-acc-cntr button[aria-expanded=true]~.ot-acc-txt{width:auto}#onetrust-pc-sdk .ot-acc-cntr .ot-addtl-venbox{display:none}#onetrust-pc-sdk .ot-vlst-cntr{margin-bottom:0;width:100%}#onetrust-pc-sdk .ot-vensec-title{font-size:.813em;vertical-align:middle;display:inline-block}#onetrust-pc-sdk .category-vendors-list-handler,#onetrust-pc-sdk .category-vendors-list-handler+a{margin-left:0;margin-top:10px}#onetrust-pc-sdk #ot-selall-vencntr.line-through label::after,#onetrust-pc-sdk #ot-selall-adtlvencntr.line-through label::after,#onetrust-pc-sdk #ot-selall-licntr.line-through label::after,#onetrust-pc-sdk #ot-selall-hostcntr.line-through label::after,#onetrust-pc-sdk #ot-selall-gnvencntr.line-through label::after{height:auto;border-left:0;transform:none;-o-transform:none;-ms-transform:none;-webkit-transform:none;left:5px;top:9px}#onetrust-pc-sdk #ot-category-title{float:left;padding-bottom:10px;font-size:1em;width:100%}#onetrust-pc-sdk .ot-cat-grp{margin-top:10px}#onetrust-pc-sdk .ot-cat-item{line-height:1.1;margin-top:10px;display:inline-block;width:100%}#onetrust-pc-sdk .ot-btn-container{text-align:right}#onetrust-pc-sdk .ot-btn-container button{display:inline-block;font-size:.75em;letter-spacing:.08em;margin-top:19px}#onetrust-pc-sdk #close-pc-btn-handler.ot-close-icon{position:absolute;top:10px;right:0;z-index:1;padding:0;background-color:rgba(0,0,0,0);border:none}#onetrust-pc-sdk #close-pc-btn-handler.ot-close-icon svg{display:block;height:10px;width:10px}#onetrust-pc-sdk #clear-filters-handler{margin-top:20px;margin-bottom:10px;float:right;max-width:200px;text-decoration:none;color:#3860be;font-size:.9em;font-weight:bold;background-color:rgba(0,0,0,0);border-color:rgba(0,0,0,0);padding:1px}#onetrust-pc-sdk #clear-filters-handler:hover{color:#2285f7}#onetrust-pc-sdk #clear-filters-handler:focus{outline:#000 solid 1px}#onetrust-pc-sdk .ot-enbl-chr h4~.ot-tgl,#onetrust-pc-sdk .ot-enbl-chr h4~.ot-always-active{right:45px}#onetrust-pc-sdk .ot-enbl-chr h4~.ot-tgl+.ot-tgl{right:120px}#onetrust-pc-sdk .ot-enbl-chr .ot-pli-hdr.ot-leg-border-color span:first-child{width:90px}#onetrust-pc-sdk .ot-enbl-chr li.ot-subgrp>h5+.ot-tgl-cntr{padding-right:25px}#onetrust-pc-sdk .ot-plus-minus{width:20px;height:20px;font-size:1.5em;position:relative;display:inline-block;margin-right:5px;top:3px}#onetrust-pc-sdk .ot-plus-minus span{position:absolute;background:#27455c;border-radius:1px}#onetrust-pc-sdk .ot-plus-minus span:first-of-type{top:25%;bottom:25%;width:10%;left:45%}#onetrust-pc-sdk .ot-plus-minus span:last-of-type{left:25%;right:25%;height:10%;top:45%}#onetrust-pc-sdk button[aria-expanded=true]~.ot-acc-hdr .ot-arw,#onetrust-pc-sdk button[aria-expanded=true]~.ot-acc-hdr .ot-plus-minus span:first-of-type,#onetrust-pc-sdk button[aria-expanded=true]~.ot-acc-hdr .ot-plus-minus span:last-of-type{transform:rotate(90deg)}#onetrust-pc-sdk button[aria-expanded=true]~.ot-acc-hdr .ot-plus-minus span:last-of-type{left:50%;right:50%}#onetrust-pc-sdk #ot-selall-vencntr label,#onetrust-pc-sdk #ot-selall-adtlvencntr label,#onetrust-pc-sdk #ot-selall-hostcntr label,#onetrust-pc-sdk #ot-selall-licntr label{position:relative;display:inline-block;width:20px;height:20px}#onetrust-pc-sdk .ot-host-item .ot-plus-minus,#onetrust-pc-sdk .ot-ven-item .ot-plus-minus{float:left;margin-right:8px;top:10px}#onetrust-pc-sdk .ot-ven-item ul{list-style:none inside;font-size:100%;margin:0}#onetrust-pc-sdk .ot-ven-item ul li{margin:0 !important;padding:0;border:none !important}#onetrust-pc-sdk .ot-pli-hdr{color:#77808e;overflow:hidden;padding-top:7.5px;padding-bottom:7.5px;width:calc(100% - 2px);border-top-left-radius:3px;border-top-right-radius:3px}#onetrust-pc-sdk .ot-pli-hdr span:first-child{top:50%;transform:translateY(50%);max-width:90px}#onetrust-pc-sdk .ot-pli-hdr span:last-child{padding-right:10px;max-width:95px;text-align:center}#onetrust-pc-sdk .ot-li-title{float:right;font-size:.813em}#onetrust-pc-sdk .ot-pli-hdr.ot-leg-border-color{background-color:#f4f4f4;border:1px solid #d8d8d8}#onetrust-pc-sdk .ot-pli-hdr.ot-leg-border-color span:first-child{text-align:left;width:70px}#onetrust-pc-sdk li.ot-subgrp>h5,#onetrust-pc-sdk .ot-cat-header{width:calc(100% - 130px)}#onetrust-pc-sdk li.ot-subgrp>h5+.ot-tgl-cntr{padding-left:13px}#onetrust-pc-sdk .ot-acc-grpcntr .ot-acc-grpdesc{margin-bottom:5px}#onetrust-pc-sdk .ot-acc-grpcntr .ot-subgrp-cntr{border-top:1px solid #d8d8d8}#onetrust-pc-sdk .ot-acc-grpcntr .ot-vlst-cntr+.ot-subgrp-cntr{border-top:none}#onetrust-pc-sdk .ot-acc-hdr .ot-arw-cntr+.ot-tgl-cntr,#onetrust-pc-sdk .ot-acc-txt h4+.ot-tgl-cntr{padding-left:13px}#onetrust-pc-sdk .ot-pli-hdr~.ot-cat-item .ot-subgrp>h5,#onetrust-pc-sdk .ot-pli-hdr~.ot-cat-item .ot-cat-header{width:calc(100% - 145px)}#onetrust-pc-sdk .ot-pli-hdr~.ot-cat-item h5+.ot-tgl-cntr,#onetrust-pc-sdk .ot-pli-hdr~.ot-cat-item .ot-cat-header+.ot-tgl{padding-left:28px}#onetrust-pc-sdk .ot-sel-all-hdr,#onetrust-pc-sdk .ot-sel-all-chkbox{display:inline-block;width:100%;position:relative}#onetrust-pc-sdk .ot-sel-all-chkbox{z-index:1}#onetrust-pc-sdk .ot-sel-all{margin:0;position:relative;padding-right:23px;float:right}#onetrust-pc-sdk .ot-consent-hdr,#onetrust-pc-sdk .ot-li-hdr{float:right;font-size:.812em;line-height:normal;text-align:center;word-break:break-word;word-wrap:break-word}#onetrust-pc-sdk .ot-li-hdr{max-width:100px;padding-right:10px}#onetrust-pc-sdk .ot-consent-hdr{max-width:55px}#onetrust-pc-sdk #ot-selall-licntr{display:block;width:21px;height:auto;float:right;position:relative;right:80px}#onetrust-pc-sdk #ot-selall-licntr label{position:absolute}#onetrust-pc-sdk .ot-ven-ctgl{margin-left:66px}#onetrust-pc-sdk .ot-ven-litgl+.ot-arw-cntr{margin-left:81px}#onetrust-pc-sdk .ot-enbl-chr .ot-host-cnt .ot-tgl-cntr{width:auto}#onetrust-pc-sdk #ot-lst-cnt:not(.ot-host-cnt) .ot-tgl-cntr{width:auto;top:auto;height:20px}#onetrust-pc-sdk #ot-lst-cnt .ot-chkbox{position:relative;display:inline-block;width:20px;height:20px}#onetrust-pc-sdk #ot-lst-cnt .ot-chkbox label{position:absolute;padding:0;width:20px;height:20px}#onetrust-pc-sdk #ot-lst-cnt .ot-vnd-info-cntr{border:1px solid #d8d8d8;padding:.75rem 2rem;padding-bottom:0;width:auto;margin-top:.5rem}#onetrust-pc-sdk .ot-acc-grpdesc+.ot-leg-btn-container{padding-left:20px;padding-right:20px;width:calc(100% - 40px);margin-bottom:5px}#onetrust-pc-sdk .ot-subgrp .ot-leg-btn-container{margin-bottom:5px}#onetrust-pc-sdk #ot-ven-lst .ot-leg-btn-container{margin-top:10px}#onetrust-pc-sdk .ot-leg-btn-container{display:inline-block;width:100%;margin-bottom:10px}#onetrust-pc-sdk .ot-leg-btn-container button{height:auto;padding:6.5px 8px;margin-bottom:0;letter-spacing:0;font-size:.75em;line-height:normal}#onetrust-pc-sdk .ot-leg-btn-container svg{display:none;height:14px;width:14px;padding-right:5px;vertical-align:sub}#onetrust-pc-sdk .ot-active-leg-btn{cursor:default;pointer-events:none}#onetrust-pc-sdk .ot-active-leg-btn svg{display:inline-block}#onetrust-pc-sdk .ot-remove-objection-handler{text-decoration:underline;padding:0;font-size:.75em;font-weight:600;line-height:1;padding-left:10px}#onetrust-pc-sdk .ot-obj-leg-btn-handler span{font-weight:bold;text-align:center;font-size:inherit;line-height:1.5}#onetrust-pc-sdk.ot-close-btn-link #close-pc-btn-handler{border:none;height:auto;line-height:1.5;text-decoration:underline;font-size:.69em;background:none;right:15px;top:15px;width:auto;font-weight:normal}#onetrust-pc-sdk .ot-pgph-link{font-size:.813em !important;margin-top:5px;position:relative}#onetrust-pc-sdk .ot-pgph-link.ot-pgph-link-subgroup{margin-bottom:1rem}#onetrust-pc-sdk .ot-pgph-contr{margin:0 2.5rem}#onetrust-pc-sdk .ot-pgph-title{font-size:1.18rem;margin-bottom:2rem}#onetrust-pc-sdk .ot-pgph-desc{font-size:1rem;font-weight:400;margin-bottom:2rem;line-height:1.5rem}#onetrust-pc-sdk .ot-pgph-desc:not(:last-child):after{content:"";width:96%;display:block;margin:0 auto;padding-bottom:2rem;border-bottom:1px solid #e9e9e9}#onetrust-pc-sdk .ot-cat-header{float:left;font-weight:600;font-size:.875em;line-height:1.5;max-width:90%;vertical-align:middle}#onetrust-pc-sdk .ot-vnd-item>button:focus{outline:#000 solid 2px}#onetrust-pc-sdk .ot-vnd-item>button{position:absolute;cursor:pointer;width:100%;height:100%;margin:0;top:0;left:0;z-index:1;max-width:none;border:none}#onetrust-pc-sdk .ot-vnd-item>button[aria-expanded=false]~.ot-acc-txt{margin-top:0;max-height:0;opacity:0;overflow:hidden;width:100%;transition:.25s ease-out;display:none}#onetrust-pc-sdk .ot-vnd-item>button[aria-expanded=true]~.ot-acc-txt{transition:.1s ease-in;margin-top:10px;width:100%;overflow:auto;display:block}#onetrust-pc-sdk .ot-vnd-item>button[aria-expanded=true]~.ot-acc-grpcntr{width:auto;margin-top:0px;padding-bottom:10px}#onetrust-pc-sdk .ot-accordion-layout.ot-cat-item{position:relative;border-radius:2px;margin:0;padding:0;border:1px solid #d8d8d8;border-top:none;width:calc(100% - 2px);float:left}#onetrust-pc-sdk .ot-accordion-layout.ot-cat-item:first-of-type{margin-top:10px;border-top:1px solid #d8d8d8}#onetrust-pc-sdk .ot-accordion-layout .ot-acc-grpdesc{padding-left:20px;padding-right:20px;width:calc(100% - 40px);font-size:.812em;margin-bottom:10px;margin-top:15px}#onetrust-pc-sdk .ot-accordion-layout .ot-acc-grpdesc>ul{padding-top:10px}#onetrust-pc-sdk .ot-accordion-layout .ot-acc-grpdesc>ul li{padding-top:0;line-height:1.5;padding-bottom:10px}#onetrust-pc-sdk .ot-accordion-layout div+.ot-acc-grpdesc{margin-top:5px}#onetrust-pc-sdk .ot-accordion-layout .ot-vlst-cntr:first-child{margin-top:10px}#onetrust-pc-sdk .ot-accordion-layout .ot-vlst-cntr:last-child,#onetrust-pc-sdk .ot-accordion-layout .ot-hlst-cntr:last-child{margin-bottom:5px}#onetrust-pc-sdk .ot-accordion-layout .ot-acc-hdr{padding-top:11.5px;padding-bottom:11.5px;padding-left:20px;padding-right:20px;width:calc(100% - 40px);display:inline-block}#onetrust-pc-sdk .ot-accordion-layout .ot-acc-txt{width:100%;padding:0}#onetrust-pc-sdk .ot-accordion-layout .ot-subgrp-cntr{padding-left:20px;padding-right:15px;padding-bottom:0;width:calc(100% - 35px)}#onetrust-pc-sdk .ot-accordion-layout .ot-subgrp{padding-right:5px}#onetrust-pc-sdk .ot-accordion-layout .ot-acc-grpcntr{z-index:1;position:relative}#onetrust-pc-sdk .ot-accordion-layout .ot-cat-header+.ot-arw-cntr{position:absolute;top:50%;transform:translateY(-50%);right:20px;margin-top:-2px}#onetrust-pc-sdk .ot-accordion-layout .ot-cat-header+.ot-arw-cntr .ot-arw{width:15px;height:20px;margin-left:5px;color:dimgray}#onetrust-pc-sdk .ot-accordion-layout .ot-cat-header{float:none;color:#2e3644;margin:0;display:inline-block;height:auto;word-wrap:break-word;min-height:inherit}#onetrust-pc-sdk .ot-accordion-layout .ot-vlst-cntr,#onetrust-pc-sdk .ot-accordion-layout .ot-hlst-cntr{padding-left:20px;width:calc(100% - 20px);display:inline-block;margin-top:0;padding-bottom:2px}#onetrust-pc-sdk .ot-accordion-layout .ot-acc-hdr{position:relative;min-height:25px}#onetrust-pc-sdk .ot-accordion-layout h4~.ot-tgl,#onetrust-pc-sdk .ot-accordion-layout h4~.ot-always-active{position:absolute;top:50%;transform:translateY(-50%);right:20px}#onetrust-pc-sdk .ot-accordion-layout h4~.ot-tgl+.ot-tgl{right:95px}#onetrust-pc-sdk .ot-accordion-layout .category-vendors-list-handler,#onetrust-pc-sdk .ot-accordion-layout .category-vendors-list-handler+a{margin-top:5px}#onetrust-pc-sdk #ot-lst-cnt{margin-top:1rem;max-height:calc(100% - 96px)}#onetrust-pc-sdk #ot-lst-cnt .ot-vnd-info-cntr{border:1px solid #d8d8d8;padding:.75rem 2rem;padding-bottom:0;width:auto;margin-top:.5rem}#onetrust-pc-sdk #ot-lst-cnt .ot-vnd-info{margin-bottom:1rem;padding-left:.75rem;padding-right:.75rem;display:flex;flex-direction:column}#onetrust-pc-sdk #ot-lst-cnt .ot-vnd-info[data-vnd-info-key*=DPOEmail]{border-top:1px solid #d8d8d8;padding-top:1rem}#onetrust-pc-sdk #ot-lst-cnt .ot-vnd-info[data-vnd-info-key*=DPOLink]{border-bottom:1px solid #d8d8d8;padding-bottom:1rem}#onetrust-pc-sdk #ot-lst-cnt .ot-vnd-info .ot-vnd-lbl{font-weight:bold;font-size:.85em;margin-bottom:.5rem}#onetrust-pc-sdk #ot-lst-cnt .ot-vnd-info .ot-vnd-cnt{margin-left:.5rem;font-weight:500;font-size:.85rem}#onetrust-pc-sdk .ot-vs-list,#onetrust-pc-sdk .ot-vnd-serv{width:auto;padding:1rem 1.25rem;padding-bottom:0}#onetrust-pc-sdk .ot-vs-list .ot-vnd-serv-hdr-cntr,#onetrust-pc-sdk .ot-vnd-serv .ot-vnd-serv-hdr-cntr{padding-bottom:.75rem;border-bottom:1px solid #d8d8d8}#onetrust-pc-sdk .ot-vs-list .ot-vnd-serv-hdr-cntr .ot-vnd-serv-hdr,#onetrust-pc-sdk .ot-vnd-serv .ot-vnd-serv-hdr-cntr .ot-vnd-serv-hdr{font-weight:600;font-size:.95em;line-height:2;margin-left:.5rem}#onetrust-pc-sdk .ot-vs-list .ot-vnd-item,#onetrust-pc-sdk .ot-vnd-serv .ot-vnd-item{border:none;margin:0;padding:0}#onetrust-pc-sdk .ot-vs-list .ot-vnd-item button,#onetrust-pc-sdk .ot-vnd-serv .ot-vnd-item button{outline:none;border-bottom:1px solid #d8d8d8}#onetrust-pc-sdk .ot-vs-list .ot-vnd-item button[aria-expanded=true],#onetrust-pc-sdk .ot-vnd-serv .ot-vnd-item button[aria-expanded=true]{border-bottom:none}#onetrust-pc-sdk .ot-vs-list .ot-vnd-item:first-child,#onetrust-pc-sdk .ot-vnd-serv .ot-vnd-item:first-child{margin-top:.25rem;border-top:unset}#onetrust-pc-sdk .ot-vs-list .ot-vnd-item:last-child,#onetrust-pc-sdk .ot-vnd-serv .ot-vnd-item:last-child{margin-bottom:.5rem}#onetrust-pc-sdk .ot-vs-list .ot-vnd-item:last-child button,#onetrust-pc-sdk .ot-vnd-serv .ot-vnd-item:last-child button{border-bottom:none}#onetrust-pc-sdk .ot-vs-list .ot-vnd-item .ot-vnd-info-cntr,#onetrust-pc-sdk .ot-vnd-serv .ot-vnd-item .ot-vnd-info-cntr{border:1px solid #d8d8d8;padding:.75rem 1.75rem;padding-bottom:0;width:auto;margin-top:.5rem}#onetrust-pc-sdk .ot-vs-list .ot-vnd-item .ot-vnd-info,#onetrust-pc-sdk .ot-vnd-serv .ot-vnd-item .ot-vnd-info{margin-bottom:1rem;padding-left:.75rem;padding-right:.75rem;display:flex;flex-direction:column}#onetrust-pc-sdk .ot-vs-list .ot-vnd-item .ot-vnd-info[data-vnd-info-key*=DPOEmail],#onetrust-pc-sdk .ot-vnd-serv .ot-vnd-item .ot-vnd-info[data-vnd-info-key*=DPOEmail]{border-top:1px solid #d8d8d8;padding-top:1rem}#onetrust-pc-sdk .ot-vs-list .ot-vnd-item .ot-vnd-info[data-vnd-info-key*=DPOLink],#onetrust-pc-sdk .ot-vnd-serv .ot-vnd-item .ot-vnd-info[data-vnd-info-key*=DPOLink]{border-bottom:1px solid #d8d8d8;padding-bottom:1rem}#onetrust-pc-sdk .ot-vs-list .ot-vnd-item .ot-vnd-info .ot-vnd-lbl,#onetrust-pc-sdk .ot-vnd-serv .ot-vnd-item .ot-vnd-info .ot-vnd-lbl{font-weight:bold;font-size:.85em;margin-bottom:.5rem}#onetrust-pc-sdk .ot-vs-list .ot-vnd-item .ot-vnd-info .ot-vnd-cnt,#onetrust-pc-sdk .ot-vnd-serv .ot-vnd-item .ot-vnd-info .ot-vnd-cnt{margin-left:.5rem;font-weight:500;font-size:.85rem}#onetrust-pc-sdk .ot-vs-list.ot-vnd-subgrp-cnt,#onetrust-pc-sdk .ot-vnd-serv.ot-vnd-subgrp-cnt{padding-left:40px}#onetrust-pc-sdk .ot-vs-list.ot-vnd-subgrp-cnt .ot-vnd-serv-hdr-cntr .ot-vnd-serv-hdr,#onetrust-pc-sdk .ot-vnd-serv.ot-vnd-subgrp-cnt .ot-vnd-serv-hdr-cntr .ot-vnd-serv-hdr{font-size:.8em}#onetrust-pc-sdk .ot-vs-list.ot-vnd-subgrp-cnt .ot-cat-header,#onetrust-pc-sdk .ot-vnd-serv.ot-vnd-subgrp-cnt .ot-cat-header{font-size:.8em}#onetrust-pc-sdk .ot-subgrp-cntr .ot-vnd-serv{margin-bottom:1rem;padding:1rem .95rem}#onetrust-pc-sdk .ot-subgrp-cntr .ot-vnd-serv .ot-vnd-serv-hdr-cntr{padding-bottom:.75rem;border-bottom:1px solid #d8d8d8}#onetrust-pc-sdk .ot-subgrp-cntr .ot-vnd-serv .ot-vnd-serv-hdr-cntr .ot-vnd-serv-hdr{font-weight:700;font-size:.8em;line-height:20px;margin-left:.82rem}#onetrust-pc-sdk .ot-subgrp-cntr .ot-cat-header{font-weight:700;font-size:.8em;line-height:20px}#onetrust-pc-sdk .ot-subgrp-cntr ul.ot-subgrps .ot-vnd-serv .ot-vnd-lst-cont .ot-accordion-layout .ot-acc-hdr div.ot-chkbox{margin-left:.82rem}#onetrust-pc-sdk .ot-vs-config .ot-acc-hdr,#onetrust-pc-sdk ul.ot-subgrps .ot-acc-hdr,#onetrust-pc-sdk .ot-subgrp-cntr ul.ot-subgrps .ot-acc-hdr,#onetrust-pc-sdk .ot-vs-list .ot-vnd-item .ot-acc-hdr,#onetrust-pc-sdk .ot-vnd-serv .ot-vnd-item .ot-acc-hdr,#onetrust-pc-sdk #ot-pc-lst .ot-vs-list .ot-vnd-item .ot-acc-hdr,#onetrust-pc-sdk .ot-accordion-layout.ot-checkbox-consent .ot-acc-hdr{padding:.7rem 0;margin:0;display:flex;width:100%;align-items:center;justify-content:space-between}#onetrust-pc-sdk .ot-vs-config .ot-acc-hdr div:first-child,#onetrust-pc-sdk ul.ot-subgrps .ot-acc-hdr div:first-child,#onetrust-pc-sdk .ot-subgrp-cntr ul.ot-subgrps .ot-acc-hdr div:first-child,#onetrust-pc-sdk .ot-vs-list .ot-vnd-item .ot-acc-hdr div:first-child,#onetrust-pc-sdk .ot-vnd-serv .ot-vnd-item .ot-acc-hdr div:first-child,#onetrust-pc-sdk #ot-pc-lst .ot-vs-list .ot-vnd-item .ot-acc-hdr div:first-child,#onetrust-pc-sdk .ot-accordion-layout.ot-checkbox-consent .ot-acc-hdr div:first-child{margin-left:.5rem}#onetrust-pc-sdk .ot-vs-config .ot-acc-hdr div:last-child,#onetrust-pc-sdk ul.ot-subgrps .ot-acc-hdr div:last-child,#onetrust-pc-sdk .ot-subgrp-cntr ul.ot-subgrps .ot-acc-hdr div:last-child,#onetrust-pc-sdk .ot-vs-list .ot-vnd-item .ot-acc-hdr div:last-child,#onetrust-pc-sdk .ot-vnd-serv .ot-vnd-item .ot-acc-hdr div:last-child,#onetrust-pc-sdk #ot-pc-lst .ot-vs-list .ot-vnd-item .ot-acc-hdr div:last-child,#onetrust-pc-sdk .ot-accordion-layout.ot-checkbox-consent .ot-acc-hdr div:last-child{margin-right:.5rem;margin-left:.5rem}#onetrust-pc-sdk .ot-vs-config .ot-acc-hdr .ot-always-active,#onetrust-pc-sdk ul.ot-subgrps .ot-acc-hdr .ot-always-active,#onetrust-pc-sdk .ot-subgrp-cntr ul.ot-subgrps .ot-acc-hdr .ot-always-active,#onetrust-pc-sdk .ot-vs-list .ot-vnd-item .ot-acc-hdr .ot-always-active,#onetrust-pc-sdk .ot-vnd-serv .ot-vnd-item .ot-acc-hdr .ot-always-active,#onetrust-pc-sdk #ot-pc-lst .ot-vs-list .ot-vnd-item .ot-acc-hdr .ot-always-active,#onetrust-pc-sdk .ot-accordion-layout.ot-checkbox-consent .ot-acc-hdr .ot-always-active{position:relative;right:unset;top:unset;transform:unset}#onetrust-pc-sdk .ot-vs-config .ot-acc-hdr .ot-plus-minus,#onetrust-pc-sdk ul.ot-subgrps .ot-acc-hdr .ot-plus-minus,#onetrust-pc-sdk .ot-subgrp-cntr ul.ot-subgrps .ot-acc-hdr .ot-plus-minus,#onetrust-pc-sdk .ot-vs-list .ot-vnd-item .ot-acc-hdr .ot-plus-minus,#onetrust-pc-sdk .ot-vnd-serv .ot-vnd-item .ot-acc-hdr .ot-plus-minus,#onetrust-pc-sdk #ot-pc-lst .ot-vs-list .ot-vnd-item .ot-acc-hdr .ot-plus-minus,#onetrust-pc-sdk .ot-accordion-layout.ot-checkbox-consent .ot-acc-hdr .ot-plus-minus{top:0}#onetrust-pc-sdk .ot-vs-config .ot-acc-hdr .ot-arw-cntr,#onetrust-pc-sdk ul.ot-subgrps .ot-acc-hdr .ot-arw-cntr,#onetrust-pc-sdk .ot-subgrp-cntr ul.ot-subgrps .ot-acc-hdr .ot-arw-cntr,#onetrust-pc-sdk .ot-vs-list .ot-vnd-item .ot-acc-hdr .ot-arw-cntr,#onetrust-pc-sdk .ot-vnd-serv .ot-vnd-item .ot-acc-hdr .ot-arw-cntr,#onetrust-pc-sdk #ot-pc-lst .ot-vs-list .ot-vnd-item .ot-acc-hdr .ot-arw-cntr,#onetrust-pc-sdk .ot-accordion-layout.ot-checkbox-consent .ot-acc-hdr .ot-arw-cntr{float:none;top:unset;right:unset;transform:unset;margin-top:-2px;position:relative}#onetrust-pc-sdk .ot-vs-config .ot-acc-hdr .ot-cat-header,#onetrust-pc-sdk ul.ot-subgrps .ot-acc-hdr .ot-cat-header,#onetrust-pc-sdk .ot-subgrp-cntr ul.ot-subgrps .ot-acc-hdr .ot-cat-header,#onetrust-pc-sdk .ot-vs-list .ot-vnd-item .ot-acc-hdr .ot-cat-header,#onetrust-pc-sdk .ot-vnd-serv .ot-vnd-item .ot-acc-hdr .ot-cat-header,#onetrust-pc-sdk #ot-pc-lst .ot-vs-list .ot-vnd-item .ot-acc-hdr .ot-cat-header,#onetrust-pc-sdk .ot-accordion-layout.ot-checkbox-consent .ot-acc-hdr .ot-cat-header{flex:1;margin:0 .5rem}#onetrust-pc-sdk .ot-vs-config .ot-acc-hdr .ot-tgl,#onetrust-pc-sdk ul.ot-subgrps .ot-acc-hdr .ot-tgl,#onetrust-pc-sdk .ot-subgrp-cntr ul.ot-subgrps .ot-acc-hdr .ot-tgl,#onetrust-pc-sdk .ot-vs-list .ot-vnd-item .ot-acc-hdr .ot-tgl,#onetrust-pc-sdk .ot-vnd-serv .ot-vnd-item .ot-acc-hdr .ot-tgl,#onetrust-pc-sdk #ot-pc-lst .ot-vs-list .ot-vnd-item .ot-acc-hdr .ot-tgl,#onetrust-pc-sdk .ot-accordion-layout.ot-checkbox-consent .ot-acc-hdr .ot-tgl{position:relative;transform:none;right:0;top:0;float:none}#onetrust-pc-sdk .ot-vs-config .ot-acc-hdr .ot-chkbox,#onetrust-pc-sdk ul.ot-subgrps .ot-acc-hdr .ot-chkbox,#onetrust-pc-sdk .ot-subgrp-cntr ul.ot-subgrps .ot-acc-hdr .ot-chkbox,#onetrust-pc-sdk .ot-vs-list .ot-vnd-item .ot-acc-hdr .ot-chkbox,#onetrust-pc-sdk .ot-vnd-serv .ot-vnd-item .ot-acc-hdr .ot-chkbox,#onetrust-pc-sdk #ot-pc-lst .ot-vs-list .ot-vnd-item .ot-acc-hdr .ot-chkbox,#onetrust-pc-sdk .ot-accordion-layout.ot-checkbox-consent .ot-acc-hdr .ot-chkbox{position:relative;margin:0 .5rem}#onetrust-pc-sdk .ot-vs-config .ot-acc-hdr .ot-chkbox label,#onetrust-pc-sdk ul.ot-subgrps .ot-acc-hdr .ot-chkbox label,#onetrust-pc-sdk .ot-subgrp-cntr ul.ot-subgrps .ot-acc-hdr .ot-chkbox label,#onetrust-pc-sdk .ot-vs-list .ot-vnd-item .ot-acc-hdr .ot-chkbox label,#onetrust-pc-sdk .ot-vnd-serv .ot-vnd-item .ot-acc-hdr .ot-chkbox label,#onetrust-pc-sdk #ot-pc-lst .ot-vs-list .ot-vnd-item .ot-acc-hdr .ot-chkbox label,#onetrust-pc-sdk .ot-accordion-layout.ot-checkbox-consent .ot-acc-hdr .ot-chkbox label{padding:0}#onetrust-pc-sdk .ot-vs-config .ot-acc-hdr .ot-chkbox label::before,#onetrust-pc-sdk ul.ot-subgrps .ot-acc-hdr .ot-chkbox label::before,#onetrust-pc-sdk .ot-subgrp-cntr ul.ot-subgrps .ot-acc-hdr .ot-chkbox label::before,#onetrust-pc-sdk .ot-vs-list .ot-vnd-item .ot-acc-hdr .ot-chkbox label::before,#onetrust-pc-sdk .ot-vnd-serv .ot-vnd-item .ot-acc-hdr .ot-chkbox label::before,#onetrust-pc-sdk #ot-pc-lst .ot-vs-list .ot-vnd-item .ot-acc-hdr .ot-chkbox label::before,#onetrust-pc-sdk .ot-accordion-layout.ot-checkbox-consent .ot-acc-hdr .ot-chkbox label::before{position:relative}#onetrust-pc-sdk .ot-vs-config .ot-acc-hdr .ot-chkbox input,#onetrust-pc-sdk ul.ot-subgrps .ot-acc-hdr .ot-chkbox input,#onetrust-pc-sdk .ot-subgrp-cntr ul.ot-subgrps .ot-acc-hdr .ot-chkbox input,#onetrust-pc-sdk .ot-vs-list .ot-vnd-item .ot-acc-hdr .ot-chkbox input,#onetrust-pc-sdk .ot-vnd-serv .ot-vnd-item .ot-acc-hdr .ot-chkbox input,#onetrust-pc-sdk #ot-pc-lst .ot-vs-list .ot-vnd-item .ot-acc-hdr .ot-chkbox input,#onetrust-pc-sdk .ot-accordion-layout.ot-checkbox-consent .ot-acc-hdr .ot-chkbox input{position:absolute;cursor:pointer;width:100%;height:100%;opacity:0;margin:0;top:0;left:0;z-index:1}#onetrust-pc-sdk .ot-subgrp-cntr ul.ot-subgrps li.ot-subgrp .ot-acc-hdr h5.ot-cat-header,#onetrust-pc-sdk .ot-subgrp-cntr ul.ot-subgrps li.ot-subgrp .ot-acc-hdr h4.ot-cat-header{margin:0}#onetrust-pc-sdk .ot-vs-config .ot-subgrp-cntr ul.ot-subgrps li.ot-subgrp h5{top:0;line-height:20px}#onetrust-pc-sdk .ot-vs-list{display:flex;flex-direction:column;padding:0;margin:.5rem 4px}#onetrust-pc-sdk .ot-vs-selc-all{display:flex;padding:0;float:unset;align-items:center;justify-content:flex-start}#onetrust-pc-sdk .ot-vs-selc-all.ot-toggle-conf{justify-content:flex-end}#onetrust-pc-sdk .ot-vs-selc-all.ot-toggle-conf.ot-caret-conf .ot-sel-all-chkbox{margin-right:48px}#onetrust-pc-sdk .ot-vs-selc-all.ot-toggle-conf .ot-sel-all-chkbox{margin:0;padding:0;margin-right:14px;justify-content:flex-end}#onetrust-pc-sdk .ot-vs-selc-all.ot-toggle-conf #ot-selall-vencntr.ot-chkbox,#onetrust-pc-sdk .ot-vs-selc-all.ot-toggle-conf #ot-selall-vencntr.ot-tgl{display:inline-block;right:unset;width:auto;height:auto;float:none}#onetrust-pc-sdk .ot-vs-selc-all.ot-toggle-conf #ot-selall-vencntr label{width:45px;height:25px}#onetrust-pc-sdk .ot-vs-selc-all .ot-sel-all-chkbox{margin-right:11px;margin-left:.75rem;display:flex;align-items:center}#onetrust-pc-sdk .ot-vs-selc-all .sel-all-hdr{margin:0 1.25rem;font-size:.812em;line-height:normal;text-align:center;word-break:break-word;word-wrap:break-word}#onetrust-pc-sdk .ot-vnd-list-cnt #ot-selall-vencntr.ot-chkbox{float:unset;right:0}#onetrust-pc-sdk[dir=rtl] #ot-back-arw,#onetrust-pc-sdk[dir=rtl] input~.ot-acc-hdr .ot-arw{transform:rotate(180deg);-o-transform:rotate(180deg);-ms-transform:rotate(180deg);-webkit-transform:rotate(180deg)}#onetrust-pc-sdk[dir=rtl] input:checked~.ot-acc-hdr .ot-arw{transform:rotate(270deg);-o-transform:rotate(270deg);-ms-transform:rotate(270deg);-webkit-transform:rotate(270deg)}#onetrust-pc-sdk[dir=rtl] .ot-chkbox label::after{transform:rotate(45deg);-webkit-transform:rotate(45deg);-o-transform:rotate(45deg);-ms-transform:rotate(45deg);border-left:0;border-right:3px solid}#onetrust-pc-sdk[dir=rtl] .ot-search-cntr>svg{right:0}@media only screen and (max-width: 600px){#onetrust-pc-sdk.otPcCenter{left:0;min-width:100%;height:100%;top:0;border-radius:0}#onetrust-pc-sdk #ot-pc-content,#onetrust-pc-sdk.ot-ftr-stacked .ot-btn-container{margin:1px 3px 0 10px;padding-right:10px;width:calc(100% - 23px)}#onetrust-pc-sdk .ot-btn-container button{max-width:none;letter-spacing:.01em}#onetrust-pc-sdk #close-pc-btn-handler{top:10px;right:17px}#onetrust-pc-sdk p{font-size:.7em}#onetrust-pc-sdk #ot-pc-hdr{margin:10px 10px 0 5px;width:calc(100% - 15px)}#onetrust-pc-sdk .vendor-search-handler{font-size:1em}#onetrust-pc-sdk #ot-back-arw{margin-left:12px}#onetrust-pc-sdk #ot-lst-cnt{margin:0;padding:0 5px 0 10px;min-width:95%}#onetrust-pc-sdk .switch+p{max-width:80%}#onetrust-pc-sdk .ot-ftr-stacked button{width:100%}#onetrust-pc-sdk #ot-fltr-cnt{max-width:320px;width:90%;border-top-right-radius:0;border-bottom-right-radius:0;margin:0;margin-left:15px;left:auto;right:40px;top:85px}#onetrust-pc-sdk .ot-fltr-opt{margin-left:25px;margin-bottom:10px}#onetrust-pc-sdk .ot-pc-refuse-all-handler{margin-bottom:0}#onetrust-pc-sdk #ot-fltr-cnt{right:40px}}@media only screen and (max-width: 476px){#onetrust-pc-sdk .ot-fltr-cntr,#onetrust-pc-sdk #ot-fltr-cnt{right:10px}#onetrust-pc-sdk #ot-anchor{right:25px}#onetrust-pc-sdk button{width:100%}#onetrust-pc-sdk:not(.ot-addtl-vendors) #ot-pc-lst:not(.ot-enbl-chr) .ot-sel-all{padding-right:9px}#onetrust-pc-sdk:not(.ot-addtl-vendors) #ot-pc-lst:not(.ot-enbl-chr) .ot-tgl-cntr{right:0}}@media only screen and (max-width: 896px)and (max-height: 425px)and (orientation: landscape){#onetrust-pc-sdk.otPcCenter{left:0;top:0;min-width:100%;height:100%;border-radius:0}#onetrust-pc-sdk .ot-pc-header{height:auto;min-height:20px}#onetrust-pc-sdk .ot-pc-header .ot-pc-logo{max-height:30px}#onetrust-pc-sdk .ot-pc-footer{max-height:60px;overflow-y:auto}#onetrust-pc-sdk #ot-pc-content,#onetrust-pc-sdk #ot-pc-lst{bottom:70px}#onetrust-pc-sdk.ot-ftr-stacked #ot-pc-content{bottom:70px}#onetrust-pc-sdk #ot-anchor{left:initial;right:50px}#onetrust-pc-sdk #ot-lst-title{margin-top:12px}#onetrust-pc-sdk #ot-lst-title *{font-size:inherit}#onetrust-pc-sdk #ot-pc-hdr input{margin-right:0;padding-right:45px}#onetrust-pc-sdk .switch+p{max-width:85%}#onetrust-pc-sdk #ot-sel-blk{position:static}#onetrust-pc-sdk #ot-pc-lst{overflow:auto}#onetrust-pc-sdk #ot-lst-cnt{max-height:none;overflow:initial}#onetrust-pc-sdk #ot-lst-cnt.no-results{height:auto}#onetrust-pc-sdk input{font-size:1em !important}#onetrust-pc-sdk p{font-size:.6em}#onetrust-pc-sdk #ot-fltr-modal{width:100%;top:0}#onetrust-pc-sdk ul li p,#onetrust-pc-sdk .category-vendors-list-handler,#onetrust-pc-sdk .category-vendors-list-handler+a,#onetrust-pc-sdk .category-host-list-handler{font-size:.6em}#onetrust-pc-sdk.ot-shw-fltr #ot-anchor{display:none !important}#onetrust-pc-sdk.ot-shw-fltr #ot-pc-lst{height:100% !important;overflow:hidden;top:0px}#onetrust-pc-sdk.ot-shw-fltr #ot-fltr-cnt{margin:0;height:100%;max-height:none;padding:10px;top:0;width:calc(100% - 20px);position:absolute;right:0;left:0;max-width:none}#onetrust-pc-sdk.ot-shw-fltr .ot-fltr-scrlcnt{max-height:calc(100% - 65px)}}
            #onetrust-consent-sdk #onetrust-pc-sdk,
                #onetrust-consent-sdk #ot-search-cntr,
                #onetrust-consent-sdk #onetrust-pc-sdk .ot-switch.ot-toggle,
                #onetrust-consent-sdk #onetrust-pc-sdk ot-grp-hdr1 .checkbox,
                #onetrust-consent-sdk #onetrust-pc-sdk #ot-pc-title:after
                ,#onetrust-consent-sdk #onetrust-pc-sdk #ot-sel-blk,
                        #onetrust-consent-sdk #onetrust-pc-sdk #ot-fltr-cnt,
                        #onetrust-consent-sdk #onetrust-pc-sdk #ot-anchor {
                    background-color: #FFFFFF;
                }
               
            #onetrust-consent-sdk #onetrust-pc-sdk h3,
                #onetrust-consent-sdk #onetrust-pc-sdk h4,
                #onetrust-consent-sdk #onetrust-pc-sdk h5,
                #onetrust-consent-sdk #onetrust-pc-sdk h6,
                #onetrust-consent-sdk #onetrust-pc-sdk p,
                #onetrust-consent-sdk #onetrust-pc-sdk #ot-ven-lst .ot-ven-opts p,
                #onetrust-consent-sdk #onetrust-pc-sdk #ot-pc-desc,
                #onetrust-consent-sdk #onetrust-pc-sdk #ot-pc-title,
                #onetrust-consent-sdk #onetrust-pc-sdk .ot-li-title,
                #onetrust-consent-sdk #onetrust-pc-sdk .ot-sel-all-hdr span,
                #onetrust-consent-sdk #onetrust-pc-sdk #ot-host-lst .ot-host-info,
                #onetrust-consent-sdk #onetrust-pc-sdk #ot-fltr-modal #modal-header,
                #onetrust-consent-sdk #onetrust-pc-sdk .ot-checkbox label span,
                #onetrust-consent-sdk #onetrust-pc-sdk #ot-pc-lst #ot-sel-blk p,
                #onetrust-consent-sdk #onetrust-pc-sdk #ot-pc-lst #ot-lst-title h3,
                #onetrust-consent-sdk #onetrust-pc-sdk #ot-pc-lst .back-btn-handler p,
                #onetrust-consent-sdk #onetrust-pc-sdk #ot-pc-lst .ot-ven-name,
                #onetrust-consent-sdk #onetrust-pc-sdk #ot-pc-lst #ot-ven-lst .consent-category,
                #onetrust-consent-sdk #onetrust-pc-sdk .ot-leg-btn-container .ot-inactive-leg-btn,
                #onetrust-consent-sdk #onetrust-pc-sdk .ot-label-status,
                #onetrust-consent-sdk #onetrust-pc-sdk .ot-chkbox label span,
                #onetrust-consent-sdk #onetrust-pc-sdk #clear-filters-handler,
                #onetrust-consent-sdk #onetrust-pc-sdk .ot-optout-signal
                {
                    color: #101010;
                }
             #onetrust-consent-sdk #onetrust-pc-sdk .privacy-notice-link,
                    #onetrust-consent-sdk #onetrust-pc-sdk .ot-pgph-link,
                    #onetrust-consent-sdk #onetrust-pc-sdk .category-vendors-list-handler,
                    #onetrust-consent-sdk #onetrust-pc-sdk .category-vendors-list-handler + a,
                    #onetrust-consent-sdk #onetrust-pc-sdk .category-host-list-handler,
                    #onetrust-consent-sdk #onetrust-pc-sdk .ot-ven-link,
                    #onetrust-consent-sdk #onetrust-pc-sdk .ot-ven-legclaim-link,
                    #onetrust-consent-sdk #onetrust-pc-sdk #ot-host-lst .ot-host-name a,
                    #onetrust-consent-sdk #onetrust-pc-sdk #ot-host-lst .ot-acc-hdr .ot-host-expand,
                    #onetrust-consent-sdk #onetrust-pc-sdk #ot-host-lst .ot-host-info a,
                    #onetrust-consent-sdk #onetrust-pc-sdk #ot-pc-content #ot-pc-desc .ot-link-btn,
                    #onetrust-consent-sdk #onetrust-pc-sdk .ot-vnd-serv .ot-vnd-item .ot-vnd-info a,
                    #onetrust-consent-sdk #onetrust-pc-sdk #ot-lst-cnt .ot-vnd-info a
                    {
                        color: #101010;
                    }
            #onetrust-consent-sdk #onetrust-pc-sdk .category-vendors-list-handler:hover { text-decoration: underline;}
            #onetrust-consent-sdk #onetrust-pc-sdk .ot-acc-grpcntr.ot-acc-txt,
            #onetrust-consent-sdk #onetrust-pc-sdk .ot-acc-txt .ot-subgrp-tgl .ot-switch.ot-toggle
             {
                background-color: #EFEFEF;
            }
             #onetrust-consent-sdk #onetrust-pc-sdk #ot-host-lst .ot-host-info,
                    #onetrust-consent-sdk #onetrust-pc-sdk .ot-acc-txt .ot-ven-dets
                            {
                                background-color: #EFEFEF;
                            }
        #onetrust-consent-sdk #onetrust-pc-sdk
            button:not(#clear-filters-handler):not(.ot-close-icon):not(#filter-btn-handler):not(.ot-remove-objection-handler):not(.ot-obj-leg-btn-handler):not([aria-expanded]):not(.ot-link-btn),
            #onetrust-consent-sdk #onetrust-pc-sdk .ot-leg-btn-container .ot-active-leg-btn {
                background-color: #101010;border-color: #101010;
                color: #FFFFFF;
            }
            #onetrust-consent-sdk #onetrust-pc-sdk .ot-active-menu {
                border-color: #101010;
            }
            
            #onetrust-consent-sdk #onetrust-pc-sdk .ot-leg-btn-container .ot-remove-objection-handler{
                background-color: transparent;
                border: 1px solid transparent;
            }
            #onetrust-consent-sdk #onetrust-pc-sdk .ot-leg-btn-container .ot-inactive-leg-btn {
                background-color: #FFFFFF;
                color: #78808E; border-color: #78808E;
            }
            #onetrust-consent-sdk #onetrust-pc-sdk .ot-tgl input:focus + .ot-switch, .ot-switch .ot-switch-nob, .ot-switch .ot-switch-nob:before,
            #onetrust-pc-sdk .ot-checkbox input[type="checkbox"]:focus + label::before,
            #onetrust-pc-sdk .ot-chkbox input[type="checkbox"]:focus + label::before {
                outline-color: #101010;
                outline-width: 1px;
            }
            #onetrust-pc-sdk .ot-host-item > button:focus, #onetrust-pc-sdk .ot-ven-item > button:focus {
                border: 1px solid #101010;
            }
            #onetrust-consent-sdk #onetrust-pc-sdk *:focus,
            #onetrust-consent-sdk #onetrust-pc-sdk .ot-vlst-cntr > a:focus {
               outline: 1px solid #101010;
            }#onetrust-pc-sdk .ot-vlst-cntr .ot-ext-lnk,  #onetrust-pc-sdk .ot-ven-hdr .ot-ext-lnk{
                    background-image: url('https://cdn.cookielaw.org/logos/static/ot_external_link.svg');
                }
            
#onetrust-pc-sdk .ot-pc-logo {
  display: none;
}

#onetrust-pc-sdk .ot-pc-footer-logo {
  display: none;
}

#onetrust-pc-sdk .ot-vs-list .ot-always-active, #onetrust-pc-sdk .ot-cat-grp .ot-always-active {
    color: #656565;
}

#onetrust-pc-sdk #ot-category-title {
   font-size: 1.5em;
}

#onetrust-pc-sdk #ot-pc-title {
    font-size: 1.8em;
}

#onetrust-pc-sdk .ot-pc-header {
    height: 0px;
    padding: 0;
    display: none;
}

#onetrust-pc-sdk .save-preference-btn-handler{
    border-radius: 0.25rem !important;
}

#onetrust-pc-btn-handler, #onetrust-reject-all-handler, #onetrust-accept-btn-handler {
    border-radius: 0.25rem !important;
}

#onetrust-pc-sdk #accept-recommended-btn-handler {
    border-radius: 0.25em;
    font-size: 12px;
}

#onetrust-pc-sdk #ot-pc-desc a {
    margin-left: 0px;
}

#onetrust-banner-sdk #onetrust-policy-text a {
    margin-left: 0px;
}

#onetrust-pc-sdk #ot-pc-desc {
    margin-bottom: 10px;
}

#onetrust-pc-sdk #ot-pc-content {
    top: 2px;
}

#onetrust-pc-sdk #ot-pc-title {
    margin-bottom: 10px;
    margin-top: 8px;
}

#onetrust-pc-sdk .ot-cat-header {
    order: 2;
}

#onetrust-pc-sdk .ot-always-active {
    order: 3;
    padding-right: 20px;
}

#onetrust-pc-sdk .ot-tgl {
    order: 3;
    padding-right: 20px;
}

#onetrust-banner-sdk #onetrust-accept-btn-handler, #onetrust-banner-sdk #onetrust-reject-all-handler, #onetrust-banner-sdk #onetrust-pc-btn-handler {
    min-width: 165px;
}

html body #onetrust-consent-sdk #onetrust-pc-sdk .ot-tgl .ot-switch-nob {
    border: 0 rgba(0,0,0,0)
}

html body #onetrust-consent-sdk #onetrust-pc-sdk .ot-tgl .ot-switch-nob::before {
    background: rgba(0,0,0,0);
    position: static;
    border-radius: 0
}

html body #onetrust-consent-sdk #onetrust-pc-sdk .ot-tgl input {
    height: 3rem;
    width: 3rem;
    position: absolute;
    left: 0;
    top: -50%;
    display: inline-block;
    border: 0;
    opacity: 0;
    padding: 0;
    z-index: 1;
    cursor: pointer
}

html body #onetrust-consent-sdk #onetrust-pc-sdk .ot-tgl .ot-switch {
    display: flex;
    align-items: center;
    cursor: pointer;
    width: 3rem
}

html body #onetrust-consent-sdk #onetrust-pc-sdk .ot-tgl .ot-switch::before {
    content: "";
    position: relative;
    display: block;
    width: 100%;
    background: rgb(146, 146, 146);
    transition: background 200ms linear;
    height: 1.5rem;
    border-radius: 15px
}

html body #onetrust-consent-sdk #onetrust-pc-sdk .ot-tgl .ot-switch-nob {
    position: absolute;
    top: 50%;
    transform: translateY(-50%);
    left: 0;
    display: flex;
    justify-content: center;
    align-items: center;
    margin: 0 .1rem;
    background: rgb(255, 255, 255) !important;
    border-radius: 15px;
    border: 0 solid #fff;
    transition: transform .2s cubic-bezier(0.4, 0, 0.4, 1);
    width: 1.25rem;
    height: 1.25rem
}

html body #onetrust-consent-sdk #onetrust-pc-sdk .ot-tgl .ot-switch-nob::before {
    content: "";
    transform: rotate(45deg);
    box-sizing: content-box;
    display: block;
    opacity: 0;
    transition: all .1s linear;
    border: .15rem solid rgb(24,130,2);
    border-left: 0;
    border-top: 0;
    height: .5rem;
    width: .25rem;
    margin-top: -0.125rem
}

html body #onetrust-consent-sdk #onetrust-pc-sdk .ot-tgl :checked+.ot-switch::before {
    background-color: rgb(24,130,2)
}

html body #onetrust-consent-sdk #onetrust-pc-sdk .ot-tgl :checked+.ot-switch .ot-switch-nob {
    transform: translate(120%, -50%)
}

html body #onetrust-consent-sdk #onetrust-pc-sdk .ot-tgl :checked+.ot-switch .ot-switch-nob::before {
    opacity: 1
}

#onetrust-pc-sdk .ot-btn-container {
    margin: 0 0.75em !important;
}

#onetrust-pc-sdk .ot-vs-config .ot-acc-hdr .ot-cat-header, #onetrust-pc-sdk ul.ot-subgrps .ot-acc-hdr .ot-cat-header, #onetrust-pc-sdk .ot-subgrp-cntr ul.ot-subgrps .ot-acc-hdr .ot-cat-header, #onetrust-pc-sdk .ot-vs-list .ot-vnd-item .ot-acc-hdr .ot-cat-header, #onetrust-pc-sdk .ot-vnd-serv .ot-vnd-item .ot-acc-hdr .ot-cat-header, #onetrust-pc-sdk #ot-pc-lst .ot-vs-list .ot-vnd-item .ot-acc-hdr .ot-cat-header, #onetrust-pc-sdk .ot-accordion-layout.ot-checkbox-consent .ot-acc-hdr .ot-cat-header {
    margin-top: 5px;
}

html body #onetrust-consent-sdk #onetrust-pc-sdk .ot-tgl :not(:checked)+.ot-switch .ot-switch-nob::after {
    content: "";
    border: 0.15rem solid rgb(146,146,146);
    height: .7rem;
    width: 0rem;
    display: block;
    border-left: 0;
    border-top: 0;
    transform: rotate(90deg);
    margin-top: 0.05rem;
    margin-right:0.4rem;
    box-sizing: content-box;
}

#onetrust-banner-sdk #onetrust-policy-title {
    font-size: 1.25em;
}

#onetrust-pc-sdk .ot-sdk-row {
    padding-bottom: 10px;
}

@media only screen and (max-width: 425px) {
#onetrust-banner-sdk #onetrust-policy {
    margin-left: 0;
    margin-top: 1em;
}
}.ot-sdk-cookie-policy{font-family:inherit;font-size:16px}.ot-sdk-cookie-policy.otRelFont{font-size:1rem}.ot-sdk-cookie-policy h3,.ot-sdk-cookie-policy h4,.ot-sdk-cookie-policy h6,.ot-sdk-cookie-policy p,.ot-sdk-cookie-policy li,.ot-sdk-cookie-policy a,.ot-sdk-cookie-policy th,.ot-sdk-cookie-policy #cookie-policy-description,.ot-sdk-cookie-policy .ot-sdk-cookie-policy-group,.ot-sdk-cookie-policy #cookie-policy-title{color:dimgray}.ot-sdk-cookie-policy #cookie-policy-description{margin-bottom:1em}.ot-sdk-cookie-policy h4{font-size:1.2em}.ot-sdk-cookie-policy h6{font-size:1em;margin-top:2em}.ot-sdk-cookie-policy th{min-width:75px}.ot-sdk-cookie-policy a,.ot-sdk-cookie-policy a:hover{background:#fff}.ot-sdk-cookie-policy thead{background-color:#f6f6f4;font-weight:bold}.ot-sdk-cookie-policy .ot-mobile-border{display:none}.ot-sdk-cookie-policy section{margin-bottom:2em}.ot-sdk-cookie-policy table{border-collapse:inherit}#ot-sdk-cookie-policy-v2.ot-sdk-cookie-policy{font-family:inherit;font-size:1rem}#ot-sdk-cookie-policy-v2.ot-sdk-cookie-policy h3,#ot-sdk-cookie-policy-v2.ot-sdk-cookie-policy h4,#ot-sdk-cookie-policy-v2.ot-sdk-cookie-policy h6,#ot-sdk-cookie-policy-v2.ot-sdk-cookie-policy p,#ot-sdk-cookie-policy-v2.ot-sdk-cookie-policy li,#ot-sdk-cookie-policy-v2.ot-sdk-cookie-policy a,#ot-sdk-cookie-policy-v2.ot-sdk-cookie-policy th,#ot-sdk-cookie-policy-v2.ot-sdk-cookie-policy #cookie-policy-description,#ot-sdk-cookie-policy-v2.ot-sdk-cookie-policy .ot-sdk-cookie-policy-group,#ot-sdk-cookie-policy-v2.ot-sdk-cookie-policy #cookie-policy-title{color:dimgray}#ot-sdk-cookie-policy-v2.ot-sdk-cookie-policy #cookie-policy-description{margin-bottom:1em}#ot-sdk-cookie-policy-v2.ot-sdk-cookie-policy .ot-sdk-subgroup{margin-left:1.5em}#ot-sdk-cookie-policy-v2.ot-sdk-cookie-policy #cookie-policy-description,#ot-sdk-cookie-policy-v2.ot-sdk-cookie-policy .ot-sdk-cookie-policy-group-desc,#ot-sdk-cookie-policy-v2.ot-sdk-cookie-policy .ot-table-header,#ot-sdk-cookie-policy-v2.ot-sdk-cookie-policy a,#ot-sdk-cookie-policy-v2.ot-sdk-cookie-policy span,#ot-sdk-cookie-policy-v2.ot-sdk-cookie-policy td{font-size:.9em}#ot-sdk-cookie-policy-v2.ot-sdk-cookie-policy td span,#ot-sdk-cookie-policy-v2.ot-sdk-cookie-policy td a{font-size:inherit}#ot-sdk-cookie-policy-v2.ot-sdk-cookie-policy .ot-sdk-cookie-policy-group{font-size:1em;margin-bottom:.6em}#ot-sdk-cookie-policy-v2.ot-sdk-cookie-policy .ot-sdk-cookie-policy-title{margin-bottom:1.2em}#ot-sdk-cookie-policy-v2.ot-sdk-cookie-policy>section{margin-bottom:1em}#ot-sdk-cookie-policy-v2.ot-sdk-cookie-policy th{min-width:75px}#ot-sdk-cookie-policy-v2.ot-sdk-cookie-policy a,#ot-sdk-cookie-policy-v2.ot-sdk-cookie-policy a:hover{background:#fff}#ot-sdk-cookie-policy-v2.ot-sdk-cookie-policy thead{background-color:#f6f6f4;font-weight:bold}#ot-sdk-cookie-policy-v2.ot-sdk-cookie-policy .ot-mobile-border{display:none}#ot-sdk-cookie-policy-v2.ot-sdk-cookie-policy section{margin-bottom:2em}#ot-sdk-cookie-policy-v2.ot-sdk-cookie-policy .ot-sdk-subgroup ul li{list-style:disc;margin-left:1.5em}#ot-sdk-cookie-policy-v2.ot-sdk-cookie-policy .ot-sdk-subgroup ul li h4{display:inline-block}#ot-sdk-cookie-policy-v2.ot-sdk-cookie-policy table{border-collapse:inherit;margin:auto;border:1px solid #d7d7d7;border-radius:5px;border-spacing:initial;width:100%;overflow:hidden}#ot-sdk-cookie-policy-v2.ot-sdk-cookie-policy table th,#ot-sdk-cookie-policy-v2.ot-sdk-cookie-policy table td{border-bottom:1px solid #d7d7d7;border-right:1px solid #d7d7d7}#ot-sdk-cookie-policy-v2.ot-sdk-cookie-policy table tr:last-child td{border-bottom:0px}#ot-sdk-cookie-policy-v2.ot-sdk-cookie-policy table tr th:last-child,#ot-sdk-cookie-policy-v2.ot-sdk-cookie-policy table tr td:last-child{border-right:0px}#ot-sdk-cookie-policy-v2.ot-sdk-cookie-policy table .ot-host,#ot-sdk-cookie-policy-v2.ot-sdk-cookie-policy table .ot-cookies-type{width:25%}.ot-sdk-cookie-policy[dir=rtl]{text-align:left}#ot-sdk-cookie-policy h3{font-size:1.5em}@media only screen and (max-width: 530px){.ot-sdk-cookie-policy:not(#ot-sdk-cookie-policy-v2) table,.ot-sdk-cookie-policy:not(#ot-sdk-cookie-policy-v2) thead,.ot-sdk-cookie-policy:not(#ot-sdk-cookie-policy-v2) tbody,.ot-sdk-cookie-policy:not(#ot-sdk-cookie-policy-v2) th,.ot-sdk-cookie-policy:not(#ot-sdk-cookie-policy-v2) td,.ot-sdk-cookie-policy:not(#ot-sdk-cookie-policy-v2) tr{display:block}.ot-sdk-cookie-policy:not(#ot-sdk-cookie-policy-v2) thead tr{position:absolute;top:-9999px;left:-9999px}.ot-sdk-cookie-policy:not(#ot-sdk-cookie-policy-v2) tr{margin:0 0 1em 0}.ot-sdk-cookie-policy:not(#ot-sdk-cookie-policy-v2) tr:nth-child(odd),.ot-sdk-cookie-policy:not(#ot-sdk-cookie-policy-v2) tr:nth-child(odd) a{background:#f6f6f4}.ot-sdk-cookie-policy:not(#ot-sdk-cookie-policy-v2) td{border:none;border-bottom:1px solid #eee;position:relative;padding-left:50%}.ot-sdk-cookie-policy:not(#ot-sdk-cookie-policy-v2) td:before{position:absolute;height:100%;left:6px;width:40%;padding-right:10px}.ot-sdk-cookie-policy:not(#ot-sdk-cookie-policy-v2) .ot-mobile-border{display:inline-block;background-color:#e4e4e4;position:absolute;height:100%;top:0;left:45%;width:2px}.ot-sdk-cookie-policy:not(#ot-sdk-cookie-policy-v2) td:before{content:attr(data-label);font-weight:bold}.ot-sdk-cookie-policy:not(#ot-sdk-cookie-policy-v2) li{word-break:break-word;word-wrap:break-word}#ot-sdk-cookie-policy-v2.ot-sdk-cookie-policy table{overflow:hidden}#ot-sdk-cookie-policy-v2.ot-sdk-cookie-policy table td{border:none;border-bottom:1px solid #d7d7d7}#ot-sdk-cookie-policy-v2.ot-sdk-cookie-policy table,#ot-sdk-cookie-policy-v2.ot-sdk-cookie-policy thead,#ot-sdk-cookie-policy-v2.ot-sdk-cookie-policy tbody,#ot-sdk-cookie-policy-v2.ot-sdk-cookie-policy th,#ot-sdk-cookie-policy-v2.ot-sdk-cookie-policy td,#ot-sdk-cookie-policy-v2.ot-sdk-cookie-policy tr{display:block}#ot-sdk-cookie-policy-v2.ot-sdk-cookie-policy table .ot-host,#ot-sdk-cookie-policy-v2.ot-sdk-cookie-policy table .ot-cookies-type{width:auto}#ot-sdk-cookie-policy-v2.ot-sdk-cookie-policy tr{margin:0 0 1em 0}#ot-sdk-cookie-policy-v2.ot-sdk-cookie-policy td:before{height:100%;width:40%;padding-right:10px}#ot-sdk-cookie-policy-v2.ot-sdk-cookie-policy td:before{content:attr(data-label);font-weight:bold}#ot-sdk-cookie-policy-v2.ot-sdk-cookie-policy li{word-break:break-word;word-wrap:break-word}#ot-sdk-cookie-policy-v2.ot-sdk-cookie-policy thead tr{position:absolute;top:-9999px;left:-9999px;z-index:-9999}#ot-sdk-cookie-policy-v2.ot-sdk-cookie-policy table tr:last-child td{border-bottom:1px solid #d7d7d7;border-right:0px}#ot-sdk-cookie-policy-v2.ot-sdk-cookie-policy table tr:last-child td:last-child{border-bottom:0px}}
                
                    #ot-sdk-cookie-policy-v2.ot-sdk-cookie-policy h5,
                    #ot-sdk-cookie-policy-v2.ot-sdk-cookie-policy h6,
                    #ot-sdk-cookie-policy-v2.ot-sdk-cookie-policy li,
                    #ot-sdk-cookie-policy-v2.ot-sdk-cookie-policy p,
                    #ot-sdk-cookie-policy-v2.ot-sdk-cookie-policy a,
                    #ot-sdk-cookie-policy-v2.ot-sdk-cookie-policy span,
                    #ot-sdk-cookie-policy-v2.ot-sdk-cookie-policy td,
                    #ot-sdk-cookie-policy-v2.ot-sdk-cookie-policy #cookie-policy-description {
                        color: #696969;
                    }
                    #ot-sdk-cookie-policy-v2.ot-sdk-cookie-policy th {
                        color: #696969;
                    }
                    #ot-sdk-cookie-policy-v2.ot-sdk-cookie-policy .ot-sdk-cookie-policy-group {
                        color: #696969;
                    }
                    
                    #ot-sdk-cookie-policy-v2.ot-sdk-cookie-policy #cookie-policy-title {
                            color: #696969;
                        }
                    
            
                    #ot-sdk-cookie-policy-v2.ot-sdk-cookie-policy table th {
                            background-color: #F8F8F8;
                        }
                    
            .ot-floating-button__front{background-image:url('https://cdn.cookielaw.org/logos/static/ot_persistent_cookie_icon.png')}
        @keyframes slide-down-custom {
            0% {
                bottom: 968px !important;
            }
            100% {
                bottom: 0px;
            }
        }
        @-webkit-keyframes slide-down-custom {
            0% {
                bottom: 968px !important;
            }
            100% {
                bottom: 0px;
            }
        }
        @-moz-keyframes slide-down-custom {
            0% {
                bottom: 968px !important;
            }
            100% {
                bottom: 0px;
            }
        }
        </style><link rel="stylesheet" type="text/css" href="https://assets.loblaws.ca/pcx_bronx_fe_prod/builds/production/3.53.6/8bd42f38/loblaws/commonCart-b3a6be8e_app.bundle.css"><link rel="stylesheet" type="text/css" href="https://assets.loblaws.ca/pcx_bronx_fe_prod/builds/production/3.53.6/8bd42f38/loblaws/site-layout-7413f8ad_app.bundle.css"><link rel="stylesheet" type="text/css" href="https://assets.loblaws.ca/pcx_bronx_fe_prod/builds/production/3.53.6/8bd42f38/loblaws/1988_app.bundle.css"><style data-jss="" data-meta="MuiSvgIcon">
.MuiSvgIcon-root {
  fill: currentColor;
  width: 1em;
  height: 1em;
  display: inline-block;
  font-size: 1.5rem;
  transition: fill 200ms cubic-bezier(0.4, 0, 0.2, 1) 0ms;
  flex-shrink: 0;
  user-select: none;
}
.MuiSvgIcon-colorPrimary {
  color: #3f51b5;
}
.MuiSvgIcon-colorSecondary {
  color: #f50057;
}
.MuiSvgIcon-colorAction {
  color: rgba(0, 0, 0, 0.54);
}
.MuiSvgIcon-colorError {
  color: #f44336;
}
.MuiSvgIcon-colorDisabled {
  color: rgba(0, 0, 0, 0.26);
}
.MuiSvgIcon-fontSizeInherit {
  font-size: inherit;
}
.MuiSvgIcon-fontSizeSmall {
  font-size: 1.25rem;
}
.MuiSvgIcon-fontSizeLarge {
  font-size: 2.1875rem;
}
</style><link rel="stylesheet" type="text/css" href="https://assets.loblaws.ca/pcx_bronx_fe_prod/builds/production/3.53.6/8bd42f38/loblaws/helios-homepage-container_app.bundle.css"><link rel="stylesheet" type="text/css" href="https://assets-platform.loblaws.ca/ldp-core-web-prod/production/ldp/view-resolver-pcx/2.4.0/dist/static/css/5048.chunk.css"><style type="text/css">.indiana-scroll-container {
  overflow: auto; }
  .indiana-scroll-container--dragging {
    scroll-behavior: auto !important; }
    .indiana-scroll-container--dragging > * {
      pointer-events: none;
      cursor: -webkit-grab;
      cursor: grab; }
  .indiana-scroll-container--hide-scrollbars {
    overflow: hidden;
    overflow: -moz-scrollbars-none;
    -ms-overflow-style: none;
    scrollbar-width: none; }
    .indiana-scroll-container--hide-scrollbars::-webkit-scrollbar {
      display: none !important;
      height: 0 !important;
      width: 0 !important;
      background: transparent !important;
      -webkit-appearance: none !important; }
  .indiana-scroll-container--native-scroll {
    overflow: auto; }

.indiana-dragging {
  cursor: -webkit-grab;
  cursor: grab; }
</style><style data-emotion="css-global" data-s=""></style><style data-emotion="css-global" data-s=""></style><style data-emotion="css-global" data-s=""></style><style data-emotion="css-global" data-s=""></style><style data-emotion="css-global" data-s=""></style><style data-emotion="css-global" data-s=""></style><style data-emotion="css-global" data-s=""></style><style data-emotion="css-global" data-s=""></style><style data-emotion="css-global" data-s=""></style><style data-emotion="css-global" data-s=""></style><style data-emotion="css" data-s=""></style><link rel="canonical" href="https://www.loblaws.ca/" data-react-helmet="true"><meta name="description" content="Do your shopping online and schedule a grocery pickup. View weekly flyers and deals, and discover what’s new. " data-react-helmet="true"><meta name="robots" content="index, follow" data-react-helmet="true"><link rel="stylesheet" type="text/css" href="https://assets-platform.loblaws.ca/ldp-core-web-prod/production/ldp/view-resolver-pcx/2.4.0/dist/static/css/951.chunk.css"><style>.sl-push-banner-1-animation-show {
  -webkit-animation-name: bannerShow1;
  animation-name: bannerShow1;
  -webkit-animation-duration: 0.3s;
  animation-duration: 0.3s;
  animation-fill-mode: forwards; }

.sl-push-banner-1-animation-hide {
  -webkit-animation-name: bannerHide1;
  animation-name: bannerHide1;
  -webkit-animation-duration: 0.3s;
  animation-duration: 0.3s;
  animation-fill-mode: forwards; }

.sl-push-banner-2-animation-show {
  -webkit-animation-name: bannerShow2;
  animation-name: bannerShow2;
  -webkit-animation-duration: 0.3s;
  animation-duration: 0.3s;
  animation-fill-mode: forwards; }

.sl-push-banner-2-animation-hide {
  -webkit-animation-name: bannerHide2;
  animation-name: bannerHide2;
  -webkit-animation-duration: 0.3s;
  animation-duration: 0.3s;
  animation-fill-mode: forwards; }

.sl-push-banner-3-animation-show {
  -webkit-animation-name: bannerShow3;
  animation-name: bannerShow3;
  -webkit-animation-duration: 0.3s;
  animation-duration: 0.3s;
  animation-fill-mode: forwards; }

.sl-push-banner-3-animation-hide {
  -webkit-animation-name: bannerHide3;
  animation-name: bannerHide3;
  -webkit-animation-duration: 0.3s;
  animation-duration: 0.3s;
  animation-fill-mode: forwards; }

.sl-push-banner-4-animation-show {
  -webkit-animation-name: bannerShow4;
  animation-name: bannerShow4;
  -webkit-animation-duration: 0.3s;
  animation-duration: 0.3s;
  animation-fill-mode: forwards; }

.sl-push-banner-4-animation-hide {
  -webkit-animation-name: bannerHide4;
  animation-name: bannerHide4;
  -webkit-animation-duration: 0.3s;
  animation-duration: 0.3s;
  animation-fill-mode: forwards; }

.sl-push-banner-5-animation-show {
  -webkit-animation-name: bannerShow5;
  animation-name: bannerShow5;
  -webkit-animation-duration: 0.3s;
  animation-duration: 0.3s;
  animation-fill-mode: forwards; }

.sl-push-banner-5-animation-hide {
  -webkit-animation-name: bannerHide5;
  animation-name: bannerHide5;
  -webkit-animation-duration: 0.3s;
  animation-duration: 0.3s;
  animation-fill-mode: forwards; }

.sl-push-banner-6-animation-show {
  -webkit-animation-name: bannerShow6;
  animation-name: bannerShow6;
  -webkit-animation-duration: 0.3s;
  animation-duration: 0.3s;
  animation-fill-mode: forwards; }

.sl-push-banner-6-animation-hide {
  -webkit-animation-name: bannerHide6;
  animation-name: bannerHide6;
  -webkit-animation-duration: 0.3s;
  animation-duration: 0.3s;
  animation-fill-mode: forwards; }

/* Push effect animations */
@keyframes bannerShow1 {
  from {
    padding-top: 0; }
  to {
    padding-top: 70px; } }

@-webkit-keyframes bannerShow1 {
  from {
    padding-top: 0; }
  to {
    padding-top: 70px; } }

@keyframes bannerHide1 {
  from {
    padding-top: 70px; }
  to {
    padding-top: 0; } }

@-webkit-keyframes bannerHide1 {
  from {
    padding-top: 70px; }
  to {
    padding-top: 0; } }

@keyframes bannerShow2 {
  from {
    padding-top: 0; }
  to {
    padding-top: 90px; } }

@-webkit-keyframes bannerShow2 {
  from {
    padding-top: 0; }
  to {
    padding-top: 90px; } }

@keyframes bannerHide2 {
  from {
    padding-top: 90px; }
  to {
    padding-top: 0; } }

@-webkit-keyframes bannerHide2 {
  from {
    padding-top: 90px; }
  to {
    padding-top: 0; } }

@keyframes bannerShow3 {
  from {
    padding-top: 0; }
  to {
    padding-top: 110px; } }

@-webkit-keyframes bannerShow3 {
  from {
    padding-top: 0; }
  to {
    padding-top: 110px; } }

@keyframes bannerHide3 {
  from {
    padding-top: 110px; }
  to {
    padding-top: 0; } }

@-webkit-keyframes bannerHide3 {
  from {
    padding-top: 110px; }
  to {
    padding-top: 0; } }

@keyframes bannerShow4 {
  from {
    padding-top: 0; }
  to {
    padding-top: 130px; } }

@-webkit-keyframes bannerShow4 {
  from {
    padding-top: 0; }
  to {
    padding-top: 130px; } }

@keyframes bannerHide4 {
  from {
    padding-top: 130px; }
  to {
    padding-top: 0; } }

@-webkit-keyframes bannerHide4 {
  from {
    padding-top: 130px; }
  to {
    padding-top: 0; } }

@keyframes bannerShow5 {
  from {
    padding-top: 0; }
  to {
    padding-top: 150px; } }

@-webkit-keyframes bannerShow5 {
  from {
    padding-top: 0; }
  to {
    padding-top: 150px; } }

@keyframes bannerHide5 {
  from {
    padding-top: 150px; }
  to {
    padding-top: 0; } }

@-webkit-keyframes bannerHide5 {
  from {
    padding-top: 150px; }
  to {
    padding-top: 0; } }

@keyframes bannerShow6 {
  from {
    padding-top: 0; }
  to {
    padding-top: 170px; } }

@-webkit-keyframes bannerShow6 {
  from {
    padding-top: 0; }
  to {
    padding-top: 170px; } }

@keyframes bannerHide6 {
  from {
    padding-top: 170px; }
  to {
    padding-top: 0; } }

@-webkit-keyframes bannerHide6 {
  from {
    padding-top: 170px; }
  to {
    padding-top: 0; } }

.sl-push-bar-1-animation-show {
  -webkit-animation-name: barShow1;
  animation-name: barShow1;
  -webkit-animation-duration: 0.3s;
  animation-duration: 0.3s;
  animation-fill-mode: forwards; }

.sl-push-bar-1-animation-hide {
  -webkit-animation-name: barHide1;
  animation-name: barHide1;
  -webkit-animation-duration: 0.3s;
  animation-duration: 0.3s;
  animation-fill-mode: forwards; }

.sl-push-bar-2-animation-show {
  -webkit-animation-name: barShow2;
  animation-name: barShow2;
  -webkit-animation-duration: 0.3s;
  animation-duration: 0.3s;
  animation-fill-mode: forwards; }

.sl-push-bar-2-animation-hide {
  -webkit-animation-name: barHide2;
  animation-name: barHide2;
  -webkit-animation-duration: 0.3s;
  animation-duration: 0.3s;
  animation-fill-mode: forwards; }

.sl-push-bar-3-animation-show {
  -webkit-animation-name: barShow3;
  animation-name: barShow3;
  -webkit-animation-duration: 0.3s;
  animation-duration: 0.3s;
  animation-fill-mode: forwards; }

.sl-push-bar-3-animation-hide {
  -webkit-animation-name: barHide3;
  animation-name: barHide3;
  -webkit-animation-duration: 0.3s;
  animation-duration: 0.3s;
  animation-fill-mode: forwards; }

.sl-push-bar-4-animation-show {
  -webkit-animation-name: barShow4;
  animation-name: barShow4;
  -webkit-animation-duration: 0.3s;
  animation-duration: 0.3s;
  animation-fill-mode: forwards; }

.sl-push-bar-4-animation-hide {
  -webkit-animation-name: barHide4;
  animation-name: barHide4;
  -webkit-animation-duration: 0.3s;
  animation-duration: 0.3s;
  animation-fill-mode: forwards; }

.sl-push-bar-5-animation-show {
  -webkit-animation-name: barShow5;
  animation-name: barShow5;
  -webkit-animation-duration: 0.3s;
  animation-duration: 0.3s;
  animation-fill-mode: forwards; }

.sl-push-bar-5-animation-hide {
  -webkit-animation-name: barHide5;
  animation-name: barHide5;
  -webkit-animation-duration: 0.3s;
  animation-duration: 0.3s;
  animation-fill-mode: forwards; }

.sl-push-bar-6-animation-show {
  -webkit-animation-name: barShow6;
  animation-name: barShow6;
  -webkit-animation-duration: 0.3s;
  animation-duration: 0.3s;
  animation-fill-mode: forwards; }

.sl-push-bar-6-animation-hide {
  -webkit-animation-name: barHide6;
  animation-name: barHide6;
  -webkit-animation-duration: 0.3s;
  animation-duration: 0.3s;
  animation-fill-mode: forwards; }

/* Push effect animations */
@keyframes barShow1 {
  from {
    padding-top: 0; }
  to {
    padding-top: 200px; } }

@-webkit-keyframes barShow1 {
  from {
    padding-top: 0; }
  to {
    padding-top: 200px; } }

@keyframes barHide1 {
  from {
    padding-top: 200px; }
  to {
    padding-top: 0; } }

@-webkit-keyframes barHide1 {
  from {
    padding-top: 200px; }
  to {
    padding-top: 0; } }

@keyframes barShow2 {
  from {
    padding-top: 0; }
  to {
    padding-top: 90px; } }

@-webkit-keyframes barShow2 {
  from {
    padding-top: 0; }
  to {
    padding-top: 90px; } }

@keyframes barHide2 {
  from {
    padding-top: 90px; }
  to {
    padding-top: 0; } }

@-webkit-keyframes barHide2 {
  from {
    padding-top: 90px; }
  to {
    padding-top: 0; } }

@keyframes barShow3 {
  from {
    padding-top: 0; }
  to {
    padding-top: 110px; } }

@-webkit-keyframes barShow3 {
  from {
    padding-top: 0; }
  to {
    padding-top: 110px; } }

@keyframes barHide3 {
  from {
    padding-top: 110px; }
  to {
    padding-top: 0; } }

@-webkit-keyframes barHide3 {
  from {
    padding-top: 110px; }
  to {
    padding-top: 0; } }

@keyframes barShow4 {
  from {
    padding-top: 0; }
  to {
    padding-top: 130px; } }

@-webkit-keyframes barShow4 {
  from {
    padding-top: 0; }
  to {
    padding-top: 130px; } }

@keyframes barHide4 {
  from {
    padding-top: 130px; }
  to {
    padding-top: 0; } }

@-webkit-keyframes barHide4 {
  from {
    padding-top: 130px; }
  to {
    padding-top: 0; } }

@keyframes barShow5 {
  from {
    padding-top: 0; }
  to {
    padding-top: 150px; } }

@-webkit-keyframes barShow5 {
  from {
    padding-top: 0; }
  to {
    padding-top: 150px; } }

@keyframes barHide5 {
  from {
    padding-top: 150px; }
  to {
    padding-top: 0; } }

@-webkit-keyframes barHide5 {
  from {
    padding-top: 150px; }
  to {
    padding-top: 0; } }

@keyframes barShow6 {
  from {
    padding-top: 0; }
  to {
    padding-top: 170px; } }

@-webkit-keyframes barShow6 {
  from {
    padding-top: 0; }
  to {
    padding-top: 170px; } }

@keyframes barHide6 {
  from {
    padding-top: 170px; }
  to {
    padding-top: 0; } }

@-webkit-keyframes barHide6 {
  from {
    padding-top: 170px; }
  to {
    padding-top: 0; } }

.sl-video-container {
  width: 100%;
  height: 100%;
  border: none;
  box-sizing: border-box;
  position: fixed;
  top: 0;
  left: 0;
  z-index: 9999999999; }

@keyframes showShading {
  from {
    opacity: 0; }
  to {
    opacity: 1; } }

@-webkit-keyframes showShading {
  from {
    opacity: 0; }
  to {
    opacity: 1; } }

@keyframes hideShading {
  from {
    opacity: 1; }
  to {
    opacity: 0; } }

@-webkit-keyframes hideShading {
  from {
    opacity: 1; }
  to {
    opacity: 0; } }

.sl-dev-label {
  position: fixed;
  bottom: 0;
  right: 0;
  font-family: Arial, sans-serif;
  font-size: 14px;
  padding: 4px;
  background-color: rgba(255, 82, 0, 0.87);
  border-top-left-radius: 4px;
  color: #FFF; }

.sl-active-node-hand {
  cursor: pointer; }

#slContainer {
  position: absolute !important;
  width: 100% !important;
  left: 0 !important;
  top: 0 !important;
  box-sizing: border-box;
  border: none;
  z-index: 999999999; }
  #slContainer .sl-views-wrapper {
    z-index: 999999999;
    position: absolute !important;
    width: 100% !important;
    height: 0;
    left: 0 !important;
    top: 0 !important;
    box-sizing: border-box;
    border: none; }
    #slContainer .sl-views-wrapper .sl-frame-component {
      top: 0;
      left: 0;
      right: 0;
      bottom: 0;
      margin: auto;
      position: fixed;
      z-index: 999999999999;
      resize: none;
      overflow: visible;
      max-width: none;
      max-height: none;
      border-radius: 0;
      opacity: 0;
      display: none;
      border: none;
      width: 0;
      height: 0; }
      #slContainer .sl-views-wrapper .sl-frame-component.sl-shade-show .sl-item-background-shade {
        display: block;
        -webkit-animation-name: showShading;
        animation-name: showShading;
        -webkit-animation-duration: 0.5s;
        animation-duration: 0.5s;
        animation-fill-mode: forwards; }
      #slContainer .sl-views-wrapper .sl-frame-component.sl-shade-hide .sl-item-background-shade {
        display: block;
        -webkit-animation-name: hideShading;
        animation-name: hideShading;
        -webkit-animation-duration: 0.5s;
        animation-duration: 0.5s;
        animation-fill-mode: forwards; }
      #slContainer .sl-views-wrapper .sl-frame-component .sl-item-background-shade {
        display: none;
        position: fixed;
        top: 0;
        left: 0;
        width: 100%;
        height: 100%;
        background-color: rgba(0, 0, 0, 0.35); }
      #slContainer .sl-views-wrapper .sl-frame-component .sl-frame {
        display: block;
        position: relative;
        opacity: 1;
        width: 100%;
        height: 100%;
        border: none;
        z-index: 1;
        margin: 0;
        padding: 0;
        max-width: 100%;
        max-height: 100%;
        min-height: unset;
        min-width: unset; }

/* POPUP SHOW */
@keyframes showPopup {
  from {
    opacity: 0;
    -webkit-transform: scale(0.7);
    -moz-transform: scale(0.7);
    -o-transform: scale(0.7);
    transform: scale(0.7);
    -webkit-transform-origin: top bottom;
    -moz-transform-origin: top bottom;
    -o-transform-origin: top bottom;
    transform-origin: top bottom; }
  to {
    opacity: 1;
    -webkit-transform: scale(1);
    -moz-transform: scale(1);
    -o-transform: scale(1);
    transform: scale(1);
    -webkit-transform-origin: top bottom;
    -moz-transform-origin: top bottom;
    -o-transform-origin: top bottom;
    transform-origin: top bottom; } }

@-webkit-keyframes showPopup {
  from {
    opacity: 0;
    -webkit-transform: scale(0.7);
    -moz-transform: scale(0.7);
    -o-transform: scale(0.7);
    transform: scale(0.7);
    -webkit-transform-origin: top bottom;
    -moz-transform-origin: top bottom;
    -o-transform-origin: top bottom;
    transform-origin: top bottom; }
  to {
    opacity: 1;
    -webkit-transform: scale(1);
    -moz-transform: scale(1);
    -o-transform: scale(1);
    transform: scale(1);
    -webkit-transform-origin: top bottom;
    -moz-transform-origin: top bottom;
    -o-transform-origin: top bottom;
    transform-origin: top bottom; } }

@keyframes hidePopup {
  from {
    -webkit-transform: scale(1);
    -moz-transform: scale(1);
    -o-transform: scale(1);
    transform: scale(1);
    -webkit-transform-origin: top bottom;
    -moz-transform-origin: top bottom;
    -o-transform-origin: top bottom;
    transform-origin: top bottom;
    opacity: 1; }
  to {
    -webkit-transform: scale(0.6);
    -moz-transform: scale(0.6);
    -o-transform: scale(0.6);
    transform: scale(0.6);
    -webkit-transform-origin: top bottom;
    -moz-transform-origin: top bottom;
    -o-transform-origin: top bottom;
    transform-origin: top bottom;
    opacity: 0; } }

@-webkit-keyframes hidePopup {
  from {
    -webkit-transform: scale(1);
    -moz-transform: scale(1);
    -o-transform: scale(1);
    transform: scale(1);
    -webkit-transform-origin: top bottom;
    -moz-transform-origin: top bottom;
    -o-transform-origin: top bottom;
    transform-origin: top bottom;
    opacity: 1; }
  to {
    -webkit-transform: scale(0.6);
    -moz-transform: scale(0.6);
    -o-transform: scale(0.6);
    transform: scale(0.6);
    -webkit-transform-origin: top bottom;
    -moz-transform-origin: top bottom;
    -o-transform-origin: top bottom;
    transform-origin: top bottom;
    opacity: 0; } }

/* Mobile styles */
@media (max-width: 450px) {
  #slContainer .sl-views-wrapper .sl-popup {
    top: 0;
    right: 0;
    margin: auto;
    border: none;
    opacity: 1;
    resize: none;
    position: fixed;
    display: block;
    overflow: auto;
    max-width: none;
    max-height: none;
    min-height: 100%;
    z-index: 9999999999999;
    width: 100% !important;
    height: 100% !important;
    box-shadow: rgba(0, 0, 0, 0.15) 0 0 15px 3px;
    -webkit-overflow-scrolling: touch !important;
    overflow-y: scroll !important; }
    #slContainer .sl-views-wrapper .sl-popup .sl-frame {
      display: block;
      position: static;
      opacity: 1;
      width: 100%;
      height: 100%;
      border: none; }
    #slContainer .sl-views-wrapper .sl-popup .sl-item-background-shade {
      z-index: -1; } }

#slContainer .sl-views-wrapper
.sl-frame-component.sl-popup {
  display: block;
  opacity: 1; }
  #slContainer .sl-views-wrapper
.sl-frame-component.sl-popup.sl-show-animation .sl-frame {
    -webkit-animation-name: showPopup;
    animation-name: showPopup;
    -webkit-animation-duration: 0.3s;
    animation-duration: 0.3s;
    animation-fill-mode: forwards; }
  #slContainer .sl-views-wrapper
.sl-frame-component.sl-popup.sl-hide-animation .sl-frame {
    -webkit-animation-name: hidePopup;
    animation-name: hidePopup;
    -webkit-animation-duration: 0.3s;
    animation-duration: 0.3s;
    animation-fill-mode: forwards; }

@keyframes showNotification {
  from {
    right: -500px; }
  to {
    right: 0px; } }

@-webkit-keyframes showNotification {
  from {
    right: -500px; }
  to {
    right: 0px; } }

@keyframes hideNotification {
  from {
    right: 0px; }
  to {
    right: -500px; } }

@-webkit-keyframes hideNotification {
  from {
    right: 0px; }
  to {
    right: -500px; } }

#slContainer .sl-views-wrapper
.sl-frame-component.sl-notification {
  display: block;
  opacity: 1;
  left: auto;
  width: 100%; }
  #slContainer .sl-views-wrapper
.sl-frame-component.sl-notification.sl-position-top {
    top: 0;
    bottom: auto; }
  #slContainer .sl-views-wrapper
.sl-frame-component.sl-notification.sl-position-bottom {
    top: auto;
    bottom: 0; }
  #slContainer .sl-views-wrapper
.sl-frame-component.sl-notification.sl-show-animation {
    -webkit-animation-name: showNotification;
    animation-name: showNotification;
    -webkit-animation-duration: 0.3s;
    animation-duration: 0.3s;
    animation-fill-mode: forwards; }
  #slContainer .sl-views-wrapper
.sl-frame-component.sl-notification.sl-hide-animation {
    -webkit-animation-name: hideNotification;
    animation-name: hideNotification;
    -webkit-animation-duration: 0.4s;
    animation-duration: 0.4s;
    animation-fill-mode: forwards; }

@keyframes showSlideoutRight {
  from {
    right: -700px; }
  to {
    right: 0; } }

@-webkit-keyframes showSlideoutRight {
  from {
    right: -700px; }
  to {
    right: 0; } }

@keyframes showSlideoutLeft {
  from {
    left: -700px; }
  to {
    left: 0; } }

@-webkit-keyframes showSlideoutLeft {
  from {
    left: -700px; }
  to {
    left: 0; } }

/* SLIDEOUT HIDE */
@keyframes hideSlideoutRight {
  from {
    right: 0; }
  to {
    right: -700px; } }

@-webkit-keyframes hideSlideoutRight {
  from {
    right: 0; }
  to {
    right: -700px; } }

@keyframes hideSlideoutLeft {
  from {
    left: 0; }
  to {
    left: -700px; } }

@-webkit-keyframes hideSlideoutLeft {
  from {
    left: 0; }
  to {
    left: -700px; } }

@media (max-width: 450px) {
  .sl-slideout {
    width: 100% !important;
    -webkit-overflow-scrolling: touch !important;
    overflow-y: scroll !important;
    min-height: 100%;
    max-width: none;
    box-shadow: none; }
    .sl-slideout .sl-frame {
      box-shadow: 0 0 15px 3px rgba(0, 0, 0, 0.15); }
    .sl-slideout.sl-position-left {
      padding-right: 20px;
      box-sizing: border-box; }
    .sl-slideout.sl-position-right {
      padding-left: 20px;
      box-sizing: border-box; } }

#slContainer .sl-views-wrapper
.sl-frame-component.sl-slideout {
  box-shadow: 0 0 15px 3px rgba(0, 0, 0, 0.15);
  display: block;
  opacity: 1; }
  #slContainer .sl-views-wrapper
.sl-frame-component.sl-slideout.sl-position-left {
    right: auto; }
    #slContainer .sl-views-wrapper
.sl-frame-component.sl-slideout.sl-position-left.sl-show-animation {
      -webkit-animation-name: showSlideoutLeft;
      animation-name: showSlideoutLeft;
      -webkit-animation-duration: 0.3s;
      animation-duration: 0.3s;
      animation-fill-mode: forwards; }
    #slContainer .sl-views-wrapper
.sl-frame-component.sl-slideout.sl-position-left.sl-hide-animation {
      -webkit-animation-name: hideSlideoutLeft;
      animation-name: hideSlideoutLeft;
      -webkit-animation-duration: 0.4s;
      animation-duration: 0.4s;
      animation-fill-mode: forwards; }
  #slContainer .sl-views-wrapper
.sl-frame-component.sl-slideout.sl-position-right {
    left: auto; }
    #slContainer .sl-views-wrapper
.sl-frame-component.sl-slideout.sl-position-right.sl-show-animation {
      -webkit-animation-name: showSlideoutRight;
      animation-name: showSlideoutRight;
      -webkit-animation-duration: 0.3s;
      animation-duration: 0.3s;
      animation-fill-mode: forwards; }
    #slContainer .sl-views-wrapper
.sl-frame-component.sl-slideout.sl-position-right.sl-hide-animation {
      -webkit-animation-name: hideSlideoutRight;
      animation-name: hideSlideoutRight;
      -webkit-animation-duration: 0.4s;
      animation-duration: 0.4s;
      animation-fill-mode: forwards; }

@keyframes showBannerTop {
  from {
    top: -200px; }
  to {
    top: 0; } }

@-webkit-keyframes showBannerTop {
  from {
    top: -200px; }
  to {
    top: 0; } }

@keyframes showBannerBottom {
  from {
    bottom: -200px; }
  to {
    bottom: 0; } }

@-webkit-keyframes showBannerBottom {
  from {
    bottom: -200px; }
  to {
    bottom: 0; } }

@keyframes hideBannerTop {
  from {
    top: 0; }
  to {
    top: -200px; } }

@-webkit-keyframes hideBannerTop {
  from {
    top: 0; }
  to {
    top: -200px; } }

@keyframes hideBannerBottom {
  from {
    bottom: 0; }
  to {
    bottom: -200px; } }

@-webkit-keyframes hideBannerBottom {
  from {
    bottom: 0; }
  to {
    bottom: -200px; } }

@keyframes mobileShowBannerTop {
  from {
    top: -100%; }
  to {
    top: 0; } }

@-webkit-keyframes mobileShowBannerTop {
  from {
    top: -100%; }
  to {
    top: 0; } }

@keyframes mobileShowBannerBottom {
  from {
    bottom: -100%; }
  to {
    bottom: 0; } }

@-webkit-keyframes mobileShowBannerBottom {
  from {
    bottom: -100%; }
  to {
    bottom: 0; } }

@keyframes mobileHideBannerTop {
  from {
    top: 0; }
  to {
    top: -100%; } }

@-webkit-keyframes mobileHideBannerTop {
  from {
    top: 0; }
  to {
    top: -100%; } }

@keyframes mobileHideBannerBottom {
  from {
    bottom: 0; }
  to {
    bottom: -100%; } }

@-webkit-keyframes mobileHideBannerBottom {
  from {
    bottom: 0; }
  to {
    bottom: -100%; } }

#slContainer .sl-views-wrapper
.sl-frame-component.sl-banner {
  height: 100%;
  display: block;
  opacity: 1; }
  #slContainer .sl-views-wrapper
.sl-frame-component.sl-banner.sl-position-top {
    top: 0;
    bottom: auto; }
    #slContainer .sl-views-wrapper
.sl-frame-component.sl-banner.sl-position-top.sl-push-show {
      position: absolute; }
    #slContainer .sl-views-wrapper
.sl-frame-component.sl-banner.sl-position-top.sl-show-animation {
      -webkit-animation-name: showBannerTop;
      animation-name: showBannerTop;
      -webkit-animation-duration: 0.3s;
      animation-duration: 0.3s;
      animation-fill-mode: forwards; }
    #slContainer .sl-views-wrapper
.sl-frame-component.sl-banner.sl-position-top.sl-hide-animation {
      -webkit-animation-name: hideBannerTop;
      animation-name: hideBannerTop;
      -webkit-animation-duration: 0.3s;
      animation-duration: 0.3s;
      animation-fill-mode: forwards; }
  #slContainer .sl-views-wrapper
.sl-frame-component.sl-banner.sl-position-bottom {
    top: auto;
    bottom: 0; }
    #slContainer .sl-views-wrapper
.sl-frame-component.sl-banner.sl-position-bottom.sl-show-animation {
      -webkit-animation-name: showBannerBottom;
      animation-name: showBannerBottom;
      -webkit-animation-duration: 0.3s;
      animation-duration: 0.3s;
      animation-fill-mode: forwards; }
    #slContainer .sl-views-wrapper
.sl-frame-component.sl-banner.sl-position-bottom.sl-hide-animation {
      -webkit-animation-name: hideBannerBottom;
      animation-name: hideBannerBottom;
      -webkit-animation-duration: 0.3s;
      animation-duration: 0.3s;
      animation-fill-mode: forwards; }

#slContainer.sl-container-mobile .sl-frame-component.sl-banner.sl-position-top.sl-push-show {
  position: absolute; }

#slContainer.sl-container-mobile .sl-frame-component.sl-banner.sl-position-top.sl-show-animation {
  -webkit-animation-name: mobileShowBannerTop;
  animation-name: mobileShowBannerTop;
  -webkit-animation-duration: 0.3s;
  animation-duration: 0.3s;
  animation-fill-mode: forwards; }

#slContainer.sl-container-mobile .sl-frame-component.sl-banner.sl-position-top.sl-hide-animation {
  -webkit-animation-name: mobileHideBannerTop;
  animation-name: mobileHideBannerTop;
  -webkit-animation-duration: 0.3s;
  animation-duration: 0.3s;
  animation-fill-mode: forwards; }

#slContainer.sl-container-mobile .sl-frame-component.sl-banner.sl-position-bottom {
  top: auto;
  bottom: 0; }
  #slContainer.sl-container-mobile .sl-frame-component.sl-banner.sl-position-bottom.sl-show-animation {
    -webkit-animation-name: mobileShowBannerBottom;
    animation-name: mobileShowBannerBottom;
    -webkit-animation-duration: 0.3s;
    animation-duration: 0.3s;
    animation-fill-mode: forwards; }
  #slContainer.sl-container-mobile .sl-frame-component.sl-banner.sl-position-bottom.sl-hide-animation {
    -webkit-animation-name: mobileHideBannerBottom;
    animation-name: mobileHideBannerBottom;
    -webkit-animation-duration: 0.3s;
    animation-duration: 0.3s;
    animation-fill-mode: forwards; }

@keyframes showBarTop {
  from {
    top: -700px; }
  to {
    top: 0; } }

@-webkit-keyframes showBarTop {
  from {
    top: -700px; }
  to {
    top: 0; } }

@keyframes showBarBottom {
  from {
    bottom: -700px; }
  to {
    bottom: 0; } }

@-webkit-keyframes showBarBottom {
  from {
    bottom: -700px; }
  to {
    bottom: 0; } }

@keyframes hideBarTop {
  from {
    top: 0; }
  to {
    top: -700px; } }

@-webkit-keyframes hideBarTop {
  from {
    top: 0; }
  to {
    top: -700px; } }

@keyframes hideBarBottom {
  from {
    bottom: 0; }
  to {
    bottom: -700px; } }

@-webkit-keyframes hideBarBottom {
  from {
    bottom: 0; }
  to {
    bottom: -700px; } }

@media (max-width: 600px) {
  #slContainer .sl-views-wrapper
.sl-frame-component.sl-bar {
    top: 0;
    right: 0;
    margin: auto;
    border: none;
    opacity: 1;
    resize: none;
    position: fixed;
    display: block;
    overflow: auto;
    max-width: none;
    max-height: none;
    min-height: 80%;
    z-index: 9999999999999;
    width: 100% !important;
    height: 80% !important;
    box-shadow: rgba(0, 0, 0, 0.15) 0 0 15px 3px;
    -webkit-overflow-scrolling: touch !important;
    overflow-y: scroll !important; }
    #slContainer .sl-views-wrapper
.sl-frame-component.sl-bar .sl-frame {
      display: block;
      position: static;
      opacity: 1;
      width: 100%;
      height: 100%;
      border: none; }
    #slContainer .sl-views-wrapper
.sl-frame-component.sl-bar .sl-item-background-shade {
      z-index: -1; } }

@media (max-width: 600px) and (max-height: 500px) {
  #slContainer .sl-views-wrapper
.sl-frame-component.sl-bar {
    top: 0;
    right: 0;
    margin: auto;
    border: none;
    opacity: 1;
    resize: none;
    position: fixed;
    display: block;
    overflow: auto;
    max-width: none;
    max-height: none;
    min-height: 100%;
    z-index: 9999999999999;
    width: 100% !important;
    height: 100% !important;
    box-shadow: rgba(0, 0, 0, 0.15) 0 0 15px 3px;
    -webkit-overflow-scrolling: touch !important;
    overflow-y: scroll !important; }
    #slContainer .sl-views-wrapper
.sl-frame-component.sl-bar .sl-frame {
      display: block;
      position: static;
      opacity: 1;
      width: 100%;
      height: 100%;
      border: none; } }

#slContainer .sl-views-wrapper
.sl-frame-component.sl-bar {
  display: block;
  opacity: 1;
  box-shadow: 0 0 15px 3px rgba(0, 0, 0, 0.15); }
  #slContainer .sl-views-wrapper
.sl-frame-component.sl-bar.sl-position-top {
    top: 0;
    bottom: auto; }
    #slContainer .sl-views-wrapper
.sl-frame-component.sl-bar.sl-position-top.sl-push-show {
      position: absolute; }
    #slContainer .sl-views-wrapper
.sl-frame-component.sl-bar.sl-position-top.sl-show-animation {
      -webkit-animation-name: showBarTop;
      animation-name: showBarTop;
      -webkit-animation-duration: 0.3s;
      animation-duration: 0.3s;
      animation-fill-mode: forwards; }
    #slContainer .sl-views-wrapper
.sl-frame-component.sl-bar.sl-position-top.sl-hide-animation {
      -webkit-animation-name: hideBarTop;
      animation-name: hideBarTop;
      -webkit-animation-duration: 0.4s;
      animation-duration: 0.4s;
      animation-fill-mode: forwards; }
  #slContainer .sl-views-wrapper
.sl-frame-component.sl-bar.sl-position-bottom {
    top: auto;
    bottom: 0; }
    #slContainer .sl-views-wrapper
.sl-frame-component.sl-bar.sl-position-bottom.sl-show-animation {
      -webkit-animation-name: showBarBottom;
      animation-name: showBarBottom;
      -webkit-animation-duration: 0.3s;
      animation-duration: 0.3s;
      animation-fill-mode: forwards; }
    #slContainer .sl-views-wrapper
.sl-frame-component.sl-bar.sl-position-bottom.sl-hide-animation {
      -webkit-animation-name: hideBarBottom;
      animation-name: hideBarBottom;
      -webkit-animation-duration: 0.4s;
      animation-duration: 0.4s;
      animation-fill-mode: forwards; }

@keyframes showIconAnimation {
  from {
    opacity: 0; }
  to {
    opacity: 1; } }

@-webkit-keyframes showIconAnimation {
  from {
    opacity: 0; }
  to {
    opacity: 1; } }

@keyframes showHotspotAnimationTop {
  from {
    opacity: 0;
    margin-top: -30px;
    display: none; }
  to {
    opacity: 1;
    margin-top: 0;
    display: block; } }

@-webkit-keyframes showHotspotAnimationTop {
  from {
    opacity: 0;
    margin-top: -30px;
    display: none; }
  to {
    opacity: 1;
    margin-top: 0;
    display: block; } }

@keyframes showHotspotAnimationBottom {
  from {
    opacity: 0;
    margin-top: 30px;
    display: none; }
  to {
    opacity: 1;
    margin-top: 0;
    display: block; } }

@-webkit-keyframes showHotspotAnimationBottom {
  from {
    opacity: 0;
    margin-top: 30px;
    display: none; }
  to {
    opacity: 1;
    margin-top: 0;
    display: block; } }

@keyframes hideHotspotAnimationTop {
  from {
    opacity: 1;
    margin-top: 0; }
  to {
    opacity: 0;
    margin-top: -30px; } }

@-webkit-keyframes hideHotspotAnimationTop {
  from {
    opacity: 1;
    margin-top: 0; }
  to {
    opacity: 0;
    margin-top: -30px; } }

@keyframes hideHotspotAnimationBottom {
  from {
    opacity: 1;
    margin-top: 0; }
  to {
    opacity: 0;
    margin-top: 30px; } }

@-webkit-keyframes hideHotspotAnimationBottom {
  from {
    opacity: 1;
    margin-top: 0; }
  to {
    opacity: 0;
    margin-top: 30px; } }

@media (max-width: 450px) {
  .sl-hotspot {
    position: fixed !important;
    top: 0 !important;
    left: 0 !important;
    right: 0 !important;
    bottom: 0 !important;
    margin: auto !important; }
  @keyframes showHotspotAnimationTop {
    from {
      opacity: 0;
      top: -30px;
      margin: auto !important;
      display: none; }
    to {
      opacity: 1;
      top: 0;
      display: block;
      margin: auto !important; } }
  @-webkit-keyframes showHotspotAnimationTop {
    from {
      opacity: 0;
      top: -30px;
      display: none;
      margin: auto !important; }
    to {
      opacity: 1;
      top: 0;
      display: block;
      margin: auto !important; } }
  @keyframes showHotspotAnimationBottom {
    from {
      opacity: 0;
      top: 30px;
      margin: auto !important;
      display: none; }
    to {
      opacity: 1;
      top: 0;
      margin: auto !important;
      display: block; } }
  @-webkit-keyframes showHotspotAnimationBottom {
    from {
      opacity: 0;
      top: 30px;
      display: none;
      margin: auto !important; }
    to {
      opacity: 1;
      margin: auto !important;
      top: 0;
      display: block; } }
  @keyframes hideHotspotAnimationTop {
    from {
      opacity: 1;
      top: 0;
      margin: auto !important; }
    to {
      opacity: 0;
      top: -30px;
      margin: auto !important; } }
  @-webkit-keyframes hideHotspotAnimationTop {
    from {
      opacity: 1;
      margin: auto !important;
      top: 0; }
    to {
      opacity: 0;
      top: -30px;
      margin: auto !important; } }
  @keyframes hideHotspotAnimationBottom {
    from {
      opacity: 1;
      top: 0;
      margin: auto !important; }
    to {
      opacity: 0;
      top: 30px;
      margin: auto !important; } }
  @-webkit-keyframes hideHotspotAnimationBottom {
    from {
      opacity: 1;
      top: 0;
      margin: auto !important; }
    to {
      opacity: 0;
      top: 30px;
      margin: auto !important; } } }

/* Hotspot Icon */
.sl-hp-icon-container {
  width: 0;
  height: 0;
  padding: 0;
  margin: 0;
  position: relative;
  display: block;
  float: left; }
  .sl-hp-icon-container .sl-hp-frame {
    position: absolute;
    margin: auto;
    z-index: 0;
    border: none;
    resize: none;
    overflow: auto;
    box-shadow: none;
    background: transparent;
    opacity: 0;
    display: block;
    border-radius: 4px;
    max-width: none;
    max-height: none;
    width: 12px;
    height: 12px;
    min-width: 16px;
    min-height: 16px;
    -webkit-animation-name: showIconAnimation;
    animation-name: showIconAnimation;
    -webkit-animation-duration: 0.1s;
    animation-duration: 0.1s;
    animation-fill-mode: forwards; }

#slContainer .sl-views-wrapper
.sl-frame-component.sl-hotspot {
  display: block;
  opacity: 1;
  left: auto;
  right: auto;
  bottom: auto;
  top: auto;
  position: absolute;
  border-radius: 4px;
  box-shadow: 0 0 15px 3px rgba(0, 0, 0, 0.15); }
  #slContainer .sl-views-wrapper
.sl-frame-component.sl-hotspot.sl-position-right-bottom, #slContainer .sl-views-wrapper
.sl-frame-component.sl-hotspot.sl-position-left-bottom {
    top: 0;
    bottom: auto; }
    #slContainer .sl-views-wrapper
.sl-frame-component.sl-hotspot.sl-position-right-bottom.sl-show-animation, #slContainer .sl-views-wrapper
.sl-frame-component.sl-hotspot.sl-position-left-bottom.sl-show-animation {
      -webkit-animation-name: showHotspotAnimationBottom;
      animation-name: showHotspotAnimationBottom;
      -webkit-animation-duration: 0.3s;
      animation-duration: 0.3s;
      animation-fill-mode: forwards; }
    #slContainer .sl-views-wrapper
.sl-frame-component.sl-hotspot.sl-position-right-bottom.sl-hide-animation, #slContainer .sl-views-wrapper
.sl-frame-component.sl-hotspot.sl-position-left-bottom.sl-hide-animation {
      -webkit-animation-name: hideHotspotAnimationBottom;
      animation-name: hideHotspotAnimationBottom;
      -webkit-animation-duration: 0.4s;
      animation-duration: 0.4s;
      animation-fill-mode: forwards; }
  #slContainer .sl-views-wrapper
.sl-frame-component.sl-hotspot.sl-position-right-top, #slContainer .sl-views-wrapper
.sl-frame-component.sl-hotspot.sl-position-left-top {
    top: auto;
    bottom: 0; }
    #slContainer .sl-views-wrapper
.sl-frame-component.sl-hotspot.sl-position-right-top.sl-show-animation, #slContainer .sl-views-wrapper
.sl-frame-component.sl-hotspot.sl-position-left-top.sl-show-animation {
      -webkit-animation-name: showHotspotAnimationTop;
      animation-name: showHotspotAnimationTop;
      -webkit-animation-duration: 0.3s;
      animation-duration: 0.3s;
      animation-fill-mode: forwards; }
    #slContainer .sl-views-wrapper
.sl-frame-component.sl-hotspot.sl-position-right-top.sl-hide-animation, #slContainer .sl-views-wrapper
.sl-frame-component.sl-hotspot.sl-position-left-top.sl-hide-animation {
      -webkit-animation-name: hideHotspotAnimationTop;
      animation-name: hideHotspotAnimationTop;
      -webkit-animation-duration: 0.4s;
      animation-duration: 0.4s;
      animation-fill-mode: forwards; }

@keyframes showTooltipTop {
  from {
    opacity: 0;
    margin-top: -30px; }
  to {
    opacity: 1;
    margin-top: 0; } }

@-webkit-keyframes showTooltipTop {
  from {
    opacity: 0;
    margin-top: -30px; }
  to {
    opacity: 1;
    margin-top: 0; } }

@keyframes showTooltipBottom {
  from {
    opacity: 0;
    margin-top: 30px; }
  to {
    opacity: 1;
    margin-top: 0; } }

@-webkit-keyframes showTooltipBottom {
  from {
    opacity: 0;
    margin-top: 30px; }
  to {
    opacity: 1;
    margin-top: 0; } }

@keyframes showTooltipLeft {
  from {
    opacity: 0;
    margin-left: -30px; }
  to {
    opacity: 1;
    margin-left: 0; } }

@-webkit-keyframes showTooltipLeft {
  from {
    opacity: 0;
    margin-left: -30px; }
  to {
    opacity: 1;
    margin-left: 0; } }

@keyframes showTooltipRight {
  from {
    opacity: 0;
    margin-left: 30px; }
  to {
    opacity: 1;
    margin-left: 0; } }

@-webkit-keyframes showTooltipRight {
  from {
    opacity: 0;
    margin-left: 30px; }
  to {
    opacity: 1;
    margin-left: 0; } }

@keyframes hideTooltipTop {
  from {
    opacity: 1;
    margin-top: 0px; }
  to {
    opacity: 0;
    margin-top: -30px; } }

@-webkit-keyframes hideTooltipTop {
  from {
    opacity: 1;
    margin-top: 0; }
  to {
    opacity: 0;
    margin-top: -30px; } }

@keyframes hideTooltipBottom {
  from {
    opacity: 1;
    margin-top: 0px; }
  to {
    opacity: 0;
    margin-top: 30px; } }

@-webkit-keyframes hideTooltipBottom {
  from {
    opacity: 1;
    margin-top: 0; }
  to {
    opacity: 0;
    margin-top: 30px; } }

@keyframes hideTooltipLeft {
  from {
    opacity: 1;
    margin-left: 0px; }
  to {
    opacity: 0;
    margin-left: -30px; } }

@-webkit-keyframes hideTooltipLeft {
  from {
    opacity: 1;
    margin-left: 0; }
  to {
    opacity: 0;
    margin-left: 30px; } }

@keyframes hideTooltipRight {
  from {
    opacity: 1;
    margin-left: 0px; }
  to {
    opacity: 0;
    margin-left: 30px; } }

@-webkit-keyframes hideTooltipRight {
  from {
    opacity: 1;
    margin-left: 0; }
  to {
    opacity: 0;
    margin-left: -30px; } }

@media (max-width: 450px) {
  .sl-tooltip {
    max-width: 100% !important;
    position: fixed !important;
    top: 0 !important;
    left: 0 !important;
    right: 0 !important;
    bottom: 0 !important;
    margin: auto !important; }
  /* Tooltip Animation for mobile */
  @keyframes showTooltipTop {
    from {
      opacity: 0;
      top: -30px;
      margin: auto; }
    to {
      opacity: 1;
      top: 0;
      margin: auto; } }
  @-webkit-keyframes showTooltipTop {
    from {
      opacity: 0;
      top: -30px;
      margin: auto; }
    to {
      opacity: 1;
      top: 0;
      margin: auto; } }
  @keyframes showTooltipBottom {
    from {
      opacity: 0;
      top: 30px;
      margin: auto; }
    to {
      opacity: 1;
      top: 0;
      margin: auto; } }
  @-webkit-keyframes showTooltipBottom {
    from {
      opacity: 0;
      top: 30px;
      margin: auto; }
    to {
      opacity: 1;
      top: 0;
      margin: auto; } }
  @keyframes showTooltipLeft {
    from {
      opacity: 0;
      left: -30px;
      margin: auto; }
    to {
      opacity: 1;
      left: 0;
      margin: auto; } }
  @-webkit-keyframes showTooltipLeft {
    from {
      opacity: 0;
      left: -30px;
      margin: auto; }
    to {
      opacity: 1;
      left: 0;
      margin: auto; } }
  @keyframes showTooltipRight {
    from {
      opacity: 0;
      left: 30px;
      margin: auto; }
    to {
      opacity: 1;
      left: 0;
      margin: auto; } }
  @-webkit-keyframes showTooltipRight {
    from {
      opacity: 0;
      left: 30px;
      margin: auto; }
    to {
      opacity: 1;
      left: 0;
      margin: auto; } }
  /* HIDE TOOLTIP ANIMATION */
  @keyframes showTooltipRight {
    from {
      opacity: 0;
      left: 30px;
      margin: auto; }
    to {
      opacity: 1;
      left: 0;
      margin: auto; } }
  @-webkit-keyframes showTooltipRight {
    from {
      opacity: 0;
      left: 30px;
      margin: auto; }
    to {
      opacity: 1;
      left: 0;
      margin: auto; } }
  /* TOOLTIP HIDE ANIMATIONS */
  @keyframes hideTooltipTop {
    from {
      opacity: 1;
      top: 0px;
      margin: auto; }
    to {
      opacity: 0;
      top: -30px;
      margin: auto; } }
  @-webkit-keyframes hideTooltipTop {
    from {
      opacity: 1;
      top: 0;
      margin: auto; }
    to {
      opacity: 0;
      top: -30px;
      margin: auto; } }
  @keyframes hideTooltipBottom {
    from {
      opacity: 1;
      top: 0px;
      margin: auto; }
    to {
      opacity: 0;
      top: 30px;
      margin: auto; } }
  @-webkit-keyframes hideTooltipBottom {
    from {
      opacity: 1;
      top: 0;
      margin: auto; }
    to {
      opacity: 0;
      top: 30px;
      margin: auto; } }
  @keyframes hideTooltipLeft {
    from {
      opacity: 1;
      left: 0px;
      margin: auto; }
    to {
      opacity: 0;
      left: -30px;
      margin: auto; } }
  @-webkit-keyframes hideTooltipLeft {
    from {
      opacity: 1;
      left: 0;
      margin: auto; }
    to {
      opacity: 0;
      left: 30px;
      margin: auto; } }
  @keyframes hideTooltipRight {
    from {
      opacity: 1;
      left: 0px;
      margin: auto; }
    to {
      opacity: 0;
      left: 30px;
      margin: auto; } }
  @-webkit-keyframes hideTooltipRight {
    from {
      opacity: 1;
      left: 0;
      margin: auto; }
    to {
      opacity: 0;
      left: -30px;
      margin: auto; } } }

#slContainer .sl-views-wrapper
.sl-frame-component.sl-tooltip {
  display: block;
  opacity: 1;
  left: auto;
  right: auto;
  bottom: auto;
  top: auto;
  position: absolute;
  border-radius: 4px; }
  #slContainer .sl-views-wrapper
.sl-frame-component.sl-tooltip.sl-position-top.sl-show-animation {
    -webkit-animation-name: showTooltipTop;
    animation-name: showTooltipTop;
    -webkit-animation-duration: 0.2s;
    animation-duration: 0.2s;
    animation-fill-mode: forwards; }
  #slContainer .sl-views-wrapper
.sl-frame-component.sl-tooltip.sl-position-top.sl-hide-animation {
    -webkit-animation-name: hideTooltipTop;
    animation-name: hideTooltipTop;
    -webkit-animation-duration: 0.2s;
    animation-duration: 0.2s;
    animation-fill-mode: forwards; }
  #slContainer .sl-views-wrapper
.sl-frame-component.sl-tooltip.sl-position-bottom.sl-show-animation {
    -webkit-animation-name: showTooltipBottom;
    animation-name: showTooltipBottom;
    -webkit-animation-duration: 0.2s;
    animation-duration: 0.2s;
    animation-fill-mode: forwards; }
  #slContainer .sl-views-wrapper
.sl-frame-component.sl-tooltip.sl-position-bottom.sl-hide-animation {
    -webkit-animation-name: hideTooltipBottom;
    animation-name: hideTooltipBottom;
    -webkit-animation-duration: 0.2s;
    animation-duration: 0.2s;
    animation-fill-mode: forwards; }
  #slContainer .sl-views-wrapper
.sl-frame-component.sl-tooltip.sl-position-left.sl-show-animation {
    -webkit-animation-name: showTooltipLeft;
    animation-name: showTooltipLeft;
    -webkit-animation-duration: 0.2s;
    animation-duration: 0.2s;
    animation-fill-mode: forwards; }
  #slContainer .sl-views-wrapper
.sl-frame-component.sl-tooltip.sl-position-left.sl-hide-animation {
    -webkit-animation-name: hideTooltipLeft;
    animation-name: hideTooltipLeft;
    -webkit-animation-duration: 0.2s;
    animation-duration: 0.2s;
    animation-fill-mode: forwards; }
  #slContainer .sl-views-wrapper
.sl-frame-component.sl-tooltip.sl-position-right.sl-show-animation {
    -webkit-animation-name: showTooltipRight;
    animation-name: showTooltipRight;
    -webkit-animation-duration: 0.2s;
    animation-duration: 0.2s;
    animation-fill-mode: forwards; }
  #slContainer .sl-views-wrapper
.sl-frame-component.sl-tooltip.sl-position-right.sl-hide-animation {
    -webkit-animation-name: hideTooltipRight;
    animation-name: hideTooltipRight;
    -webkit-animation-duration: 0.2s;
    animation-duration: 0.2s;
    animation-fill-mode: forwards; }

/* POPUP SHOW */
@keyframes showContainerFromLeft {
  from {
    left: -500px;
    opacity: 0; }
  to {
    left: 0px;
    opacity: 1; } }

@-webkit-keyframes showContainerFromLeft {
  from {
    left: -500px;
    opacity: 0; }
  to {
    left: 0px;
    opacity: 1; } }

@keyframes hideContainerFromLeft {
  from {
    left: 0px;
    opacity: 1; }
  to {
    left: -500px;
    opacity: 0; } }

@-webkit-keyframes hideContainerFromLeft {
  from {
    left: 0px;
    opacity: 1; }
  to {
    left: -500px;
    opacity: 0; } }

@keyframes showContainerFromRight {
  from {
    right: -500px;
    opacity: 0; }
  to {
    right: 0px;
    opacity: 1; } }

@-webkit-keyframes showContainerFromRight {
  from {
    right: -500px;
    opacity: 0; }
  to {
    right: 0px;
    opacity: 1; } }

@keyframes hideContainerFromRight {
  from {
    right: 0px;
    opacity: 1; }
  to {
    opacity: 0;
    right: -500px; } }

@-webkit-keyframes hideContainerFromRight {
  from {
    right: 0px;
    opacity: 1; }
  to {
    opacity: 0;
    right: -500px; } }

@keyframes showContainerFromTop {
  from {
    top: -500px;
    opacity: 0; }
  to {
    opacity: 1;
    top: 0px; } }

@-webkit-keyframes showContainerFromTop {
  from {
    top: -500px;
    opacity: 0; }
  to {
    opacity: 1;
    top: 0px; } }

@keyframes hideContainerFromTop {
  from {
    top: 0px;
    opacity: 1; }
  to {
    opacity: 0;
    top: -500px; } }

@-webkit-keyframes hideContainerFromTop {
  from {
    top: 0px;
    opacity: 1; }
  to {
    opacity: 0;
    top: -500px; } }

@keyframes showContainerFromBottom {
  from {
    bottom: -500px;
    opacity: 0; }
  to {
    opacity: 1;
    bottom: 0px; } }

@-webkit-keyframes showContainerFromBottom {
  from {
    bottom: -500px;
    opacity: 0; }
  to {
    opacity: 1;
    bottom: 0px; } }

@keyframes hideContainerFromBottom {
  from {
    bottom: 0px;
    opacity: 1; }
  to {
    opacity: 0;
    bottom: -500px; } }

@-webkit-keyframes hideContainerFromBottom {
  from {
    bottom: 0px;
    opacity: 1; }
  to {
    opacity: 0;
    bottom: -500px; } }

@keyframes showContainer {
  from {
    opacity: 0;
    -webkit-transform: scale(0.7);
    -moz-transform: scale(0.7);
    -o-transform: scale(0.7);
    transform: scale(0.7);
    -webkit-transform-origin: top bottom;
    -moz-transform-origin: top bottom;
    -o-transform-origin: top bottom;
    transform-origin: top bottom; }
  to {
    opacity: 1;
    -webkit-transform: scale(1);
    -moz-transform: scale(1);
    -o-transform: scale(1);
    transform: scale(1);
    -webkit-transform-origin: top bottom;
    -moz-transform-origin: top bottom;
    -o-transform-origin: top bottom;
    transform-origin: top bottom; } }

@-webkit-keyframes showContainer {
  from {
    opacity: 0;
    -webkit-transform: scale(0.7);
    -moz-transform: scale(0.7);
    -o-transform: scale(0.7);
    transform: scale(0.7);
    -webkit-transform-origin: top bottom;
    -moz-transform-origin: top bottom;
    -o-transform-origin: top bottom;
    transform-origin: top bottom; }
  to {
    opacity: 1;
    -webkit-transform: scale(1);
    -moz-transform: scale(1);
    -o-transform: scale(1);
    transform: scale(1);
    -webkit-transform-origin: top bottom;
    -moz-transform-origin: top bottom;
    -o-transform-origin: top bottom;
    transform-origin: top bottom; } }

@keyframes hideContainer {
  from {
    -webkit-transform: scale(1);
    -moz-transform: scale(1);
    -o-transform: scale(1);
    transform: scale(1);
    -webkit-transform-origin: top bottom;
    -moz-transform-origin: top bottom;
    -o-transform-origin: top bottom;
    transform-origin: top bottom;
    opacity: 1; }
  to {
    -webkit-transform: scale(0.6);
    -moz-transform: scale(0.6);
    -o-transform: scale(0.6);
    transform: scale(0.6);
    -webkit-transform-origin: top bottom;
    -moz-transform-origin: top bottom;
    -o-transform-origin: top bottom;
    transform-origin: top bottom;
    opacity: 0; } }

@-webkit-keyframes hideContainer {
  from {
    -webkit-transform: scale(1);
    -moz-transform: scale(1);
    -o-transform: scale(1);
    transform: scale(1);
    -webkit-transform-origin: top bottom;
    -moz-transform-origin: top bottom;
    -o-transform-origin: top bottom;
    transform-origin: top bottom;
    opacity: 1; }
  to {
    -webkit-transform: scale(0.6);
    -moz-transform: scale(0.6);
    -o-transform: scale(0.6);
    transform: scale(0.6);
    -webkit-transform-origin: top bottom;
    -moz-transform-origin: top bottom;
    -o-transform-origin: top bottom;
    transform-origin: top bottom;
    opacity: 0; } }

@keyframes showContainerShadow {
  from {
    opacity: 0;
    position: fixed; }
  to {
    opacity: 1;
    position: fixed; } }

@-webkit-keyframes showContainerShadow {
  from {
    opacity: 0;
    position: fixed; }
  to {
    opacity: 1;
    position: fixed; } }

@keyframes hideContainerShadow {
  from {
    opacity: 1;
    position: fixed; }
  to {
    opacity: 0;
    position: fixed; } }

@-webkit-keyframes hideContainerShadow {
  from {
    opacity: 1;
    position: fixed; }
  to {
    opacity: 0;
    position: fixed; } }

#slContainer .sl-views-wrapper
.sl-frame-component.sl-container {
  background: transparent;
  width: 100%;
  height: 100%;
  display: block;
  opacity: 1;
  left: auto;
  margin: auto;
  right: auto;
  bottom: auto;
  top: auto;
  position: fixed;
  border-radius: 4px;
  overflow: visible; }
  #slContainer .sl-views-wrapper
.sl-frame-component.sl-container.sl-position-center-middle {
    left: 0;
    right: 0;
    bottom: 0;
    top: 0;
    position: fixed; }
    #slContainer .sl-views-wrapper
.sl-frame-component.sl-container.sl-position-center-middle.sl-show-animation {
      -webkit-animation-name: showContainer;
      animation-name: showContainer;
      -webkit-animation-duration: 0.3s;
      animation-duration: 0.3s;
      animation-fill-mode: forwards; }
      #slContainer .sl-views-wrapper
.sl-frame-component.sl-container.sl-position-center-middle.sl-show-animation .sl-item-background-shade {
        -webkit-animation-name: showContainerShadow;
        animation-name: showContainerShadow;
        -webkit-animation-duration: 0.4s;
        animation-duration: 0.4s;
        animation-fill-mode: forwards;
        -webkit-transform: scale(15, 5);
        -moz-transform: scale(15, 5);
        -o-transform: scale(15, 5);
        transform: scale(15, 5);
        -webkit-transform-origin: top bottom;
        -moz-transform-origin: top bottom;
        -o-transform-origin: top bottom;
        transform-origin: top bottom; }
    #slContainer .sl-views-wrapper
.sl-frame-component.sl-container.sl-position-center-middle.sl-hide-animation {
      -webkit-animation-name: hideContainer;
      animation-name: hideContainer;
      -webkit-animation-duration: 0.4s;
      animation-duration: 0.4s;
      animation-fill-mode: forwards; }
      #slContainer .sl-views-wrapper
.sl-frame-component.sl-container.sl-position-center-middle.sl-hide-animation .sl-item-background-shade {
        -webkit-animation-name: hideContainerShadow;
        animation-name: hideContainerShadow;
        -webkit-animation-duration: 0.4s;
        animation-duration: 0.4s;
        animation-fill-mode: forwards;
        -webkit-transform: scale(15, 5);
        -moz-transform: scale(15, 5);
        -o-transform: scale(15, 5);
        transform: scale(15, 5);
        -webkit-transform-origin: top bottom;
        -moz-transform-origin: top bottom;
        -o-transform-origin: top bottom;
        transform-origin: top bottom; }
  #slContainer .sl-views-wrapper
.sl-frame-component.sl-container.sl-position-left-middle {
    bottom: 0;
    top: 0; }
    #slContainer .sl-views-wrapper
.sl-frame-component.sl-container.sl-position-left-middle.sl-show-animation {
      -webkit-animation-name: showContainerFromLeft;
      animation-name: showContainerFromLeft;
      -webkit-animation-duration: 0.3s;
      animation-duration: 0.3s;
      animation-fill-mode: forwards; }
    #slContainer .sl-views-wrapper
.sl-frame-component.sl-container.sl-position-left-middle.sl-hide-animation {
      -webkit-animation-name: hideContainerFromLeft;
      animation-name: hideContainerFromLeft;
      -webkit-animation-duration: 0.4s;
      animation-duration: 0.4s;
      animation-fill-mode: forwards; }
  #slContainer .sl-views-wrapper
.sl-frame-component.sl-container.sl-position-left-top {
    top: 0; }
    #slContainer .sl-views-wrapper
.sl-frame-component.sl-container.sl-position-left-top.sl-show-animation {
      -webkit-animation-name: showContainerFromLeft;
      animation-name: showContainerFromLeft;
      -webkit-animation-duration: 0.3s;
      animation-duration: 0.3s;
      animation-fill-mode: forwards; }
    #slContainer .sl-views-wrapper
.sl-frame-component.sl-container.sl-position-left-top.sl-hide-animation {
      -webkit-animation-name: hideContainerFromLeft;
      animation-name: hideContainerFromLeft;
      -webkit-animation-duration: 0.4s;
      animation-duration: 0.4s;
      animation-fill-mode: forwards; }
  #slContainer .sl-views-wrapper
.sl-frame-component.sl-container.sl-position-left-bottom {
    bottom: 0; }
    #slContainer .sl-views-wrapper
.sl-frame-component.sl-container.sl-position-left-bottom.sl-show-animation {
      -webkit-animation-name: showContainerFromLeft;
      animation-name: showContainerFromLeft;
      -webkit-animation-duration: 0.3s;
      animation-duration: 0.3s;
      animation-fill-mode: forwards; }
    #slContainer .sl-views-wrapper
.sl-frame-component.sl-container.sl-position-left-bottom.sl-hide-animation {
      -webkit-animation-name: hideContainerFromLeft;
      animation-name: hideContainerFromLeft;
      -webkit-animation-duration: 0.4s;
      animation-duration: 0.4s;
      animation-fill-mode: forwards; }
  #slContainer .sl-views-wrapper
.sl-frame-component.sl-container.sl-position-right-middle {
    bottom: 0;
    top: 0; }
    #slContainer .sl-views-wrapper
.sl-frame-component.sl-container.sl-position-right-middle.sl-show-animation {
      -webkit-animation-name: showContainerFromRight;
      animation-name: showContainerFromRight;
      -webkit-animation-duration: 0.3s;
      animation-duration: 0.3s;
      animation-fill-mode: forwards; }
    #slContainer .sl-views-wrapper
.sl-frame-component.sl-container.sl-position-right-middle.sl-hide-animation {
      -webkit-animation-name: hideContainerFromRight;
      animation-name: hideContainerFromRight;
      -webkit-animation-duration: 0.4s;
      animation-duration: 0.4s;
      animation-fill-mode: forwards; }
  #slContainer .sl-views-wrapper
.sl-frame-component.sl-container.sl-position-right-top {
    top: 0; }
    #slContainer .sl-views-wrapper
.sl-frame-component.sl-container.sl-position-right-top.sl-show-animation {
      -webkit-animation-name: showContainerFromRight;
      animation-name: showContainerFromRight;
      -webkit-animation-duration: 0.3s;
      animation-duration: 0.3s;
      animation-fill-mode: forwards; }
    #slContainer .sl-views-wrapper
.sl-frame-component.sl-container.sl-position-right-top.sl-hide-animation {
      -webkit-animation-name: hideContainerFromRight;
      animation-name: hideContainerFromRight;
      -webkit-animation-duration: 0.4s;
      animation-duration: 0.4s;
      animation-fill-mode: forwards; }
  #slContainer .sl-views-wrapper
.sl-frame-component.sl-container.sl-position-right-bottom {
    bottom: 0; }
    #slContainer .sl-views-wrapper
.sl-frame-component.sl-container.sl-position-right-bottom.sl-show-animation {
      -webkit-animation-name: showContainerFromRight;
      animation-name: showContainerFromRight;
      -webkit-animation-duration: 0.3s;
      animation-duration: 0.3s;
      animation-fill-mode: forwards; }
    #slContainer .sl-views-wrapper
.sl-frame-component.sl-container.sl-position-right-bottom.sl-hide-animation {
      -webkit-animation-name: hideContainerFromRight;
      animation-name: hideContainerFromRight;
      -webkit-animation-duration: 0.4s;
      animation-duration: 0.4s;
      animation-fill-mode: forwards; }
  #slContainer .sl-views-wrapper
.sl-frame-component.sl-container.sl-position-center-top {
    top: 0;
    left: 0;
    right: 0; }
    #slContainer .sl-views-wrapper
.sl-frame-component.sl-container.sl-position-center-top.sl-show-animation {
      -webkit-animation-name: showContainerFromTop;
      animation-name: showContainerFromTop;
      -webkit-animation-duration: 0.3s;
      animation-duration: 0.3s;
      animation-fill-mode: forwards; }
    #slContainer .sl-views-wrapper
.sl-frame-component.sl-container.sl-position-center-top.sl-hide-animation {
      -webkit-animation-name: hideContainerFromTop;
      animation-name: hideContainerFromTop;
      -webkit-animation-duration: 0.4s;
      animation-duration: 0.4s;
      animation-fill-mode: forwards; }
  #slContainer .sl-views-wrapper
.sl-frame-component.sl-container.sl-position-center-bottom {
    bottom: 0;
    left: 0;
    right: 0; }
    #slContainer .sl-views-wrapper
.sl-frame-component.sl-container.sl-position-center-bottom.sl-show-animation {
      -webkit-animation-name: showContainerFromBottom;
      animation-name: showContainerFromBottom;
      -webkit-animation-duration: 0.3s;
      animation-duration: 0.3s;
      animation-fill-mode: forwards; }
    #slContainer .sl-views-wrapper
.sl-frame-component.sl-container.sl-position-center-bottom.sl-hide-animation {
      -webkit-animation-name: hideContainerFromBottom;
      animation-name: hideContainerFromBottom;
      -webkit-animation-duration: 0.4s;
      animation-duration: 0.4s;
      animation-fill-mode: forwards; }

/* POPUP SHOW */
@keyframes showContainerFromLeft {
  from {
    left: -500px;
    opacity: 0; }
  to {
    left: 0px;
    opacity: 1; } }

@-webkit-keyframes showContainerFromLeft {
  from {
    left: -500px;
    opacity: 0; }
  to {
    left: 0px;
    opacity: 1; } }

@keyframes hideContainerFromLeft {
  from {
    left: 0px;
    opacity: 1; }
  to {
    left: -500px;
    opacity: 0; } }

@-webkit-keyframes hideContainerFromLeft {
  from {
    left: 0px;
    opacity: 1; }
  to {
    left: -500px;
    opacity: 0; } }

@keyframes showContainerFromRight {
  from {
    right: -500px;
    opacity: 0; }
  to {
    right: 0px;
    opacity: 1; } }

@-webkit-keyframes showContainerFromRight {
  from {
    right: -500px;
    opacity: 0; }
  to {
    right: 0px;
    opacity: 1; } }

@keyframes hideContainerFromRight {
  from {
    right: 0px;
    opacity: 1; }
  to {
    opacity: 0;
    right: -500px; } }

@-webkit-keyframes hideContainerFromRight {
  from {
    right: 0px;
    opacity: 1; }
  to {
    opacity: 0;
    right: -500px; } }

@keyframes showContainerFromTop {
  from {
    top: -500px;
    opacity: 0; }
  to {
    opacity: 1;
    top: 0px; } }

@-webkit-keyframes showContainerFromTop {
  from {
    top: -500px;
    opacity: 0; }
  to {
    opacity: 1;
    top: 0px; } }

@keyframes hideContainerFromTop {
  from {
    top: 0px;
    opacity: 1; }
  to {
    opacity: 0;
    top: -500px; } }

@-webkit-keyframes hideContainerFromTop {
  from {
    top: 0px;
    opacity: 1; }
  to {
    opacity: 0;
    top: -500px; } }

@keyframes showContainerFromBottom {
  from {
    bottom: -500px;
    opacity: 0; }
  to {
    opacity: 1;
    bottom: 0px; } }

@-webkit-keyframes showContainerFromBottom {
  from {
    bottom: -500px;
    opacity: 0; }
  to {
    opacity: 1;
    bottom: 0px; } }

@keyframes hideContainerFromBottom {
  from {
    bottom: 0px;
    opacity: 1; }
  to {
    opacity: 0;
    bottom: -500px; } }

@-webkit-keyframes hideContainerFromBottom {
  from {
    bottom: 0px;
    opacity: 1; }
  to {
    opacity: 0;
    bottom: -500px; } }

@keyframes showContainer {
  from {
    opacity: 0;
    -webkit-transform: scale(0.7);
    -moz-transform: scale(0.7);
    -o-transform: scale(0.7);
    transform: scale(0.7);
    -webkit-transform-origin: top bottom;
    -moz-transform-origin: top bottom;
    -o-transform-origin: top bottom;
    transform-origin: top bottom; }
  to {
    opacity: 1;
    -webkit-transform: scale(1);
    -moz-transform: scale(1);
    -o-transform: scale(1);
    transform: scale(1);
    -webkit-transform-origin: top bottom;
    -moz-transform-origin: top bottom;
    -o-transform-origin: top bottom;
    transform-origin: top bottom; } }

@-webkit-keyframes showContainer {
  from {
    opacity: 0;
    -webkit-transform: scale(0.7);
    -moz-transform: scale(0.7);
    -o-transform: scale(0.7);
    transform: scale(0.7);
    -webkit-transform-origin: top bottom;
    -moz-transform-origin: top bottom;
    -o-transform-origin: top bottom;
    transform-origin: top bottom; }
  to {
    opacity: 1;
    -webkit-transform: scale(1);
    -moz-transform: scale(1);
    -o-transform: scale(1);
    transform: scale(1);
    -webkit-transform-origin: top bottom;
    -moz-transform-origin: top bottom;
    -o-transform-origin: top bottom;
    transform-origin: top bottom; } }

@keyframes hideContainer {
  from {
    -webkit-transform: scale(1);
    -moz-transform: scale(1);
    -o-transform: scale(1);
    transform: scale(1);
    -webkit-transform-origin: top bottom;
    -moz-transform-origin: top bottom;
    -o-transform-origin: top bottom;
    transform-origin: top bottom;
    opacity: 1; }
  to {
    -webkit-transform: scale(0.6);
    -moz-transform: scale(0.6);
    -o-transform: scale(0.6);
    transform: scale(0.6);
    -webkit-transform-origin: top bottom;
    -moz-transform-origin: top bottom;
    -o-transform-origin: top bottom;
    transform-origin: top bottom;
    opacity: 0; } }

@-webkit-keyframes hideContainer {
  from {
    -webkit-transform: scale(1);
    -moz-transform: scale(1);
    -o-transform: scale(1);
    transform: scale(1);
    -webkit-transform-origin: top bottom;
    -moz-transform-origin: top bottom;
    -o-transform-origin: top bottom;
    transform-origin: top bottom;
    opacity: 1; }
  to {
    -webkit-transform: scale(0.6);
    -moz-transform: scale(0.6);
    -o-transform: scale(0.6);
    transform: scale(0.6);
    -webkit-transform-origin: top bottom;
    -moz-transform-origin: top bottom;
    -o-transform-origin: top bottom;
    transform-origin: top bottom;
    opacity: 0; } }

@keyframes showContainerShadow {
  from {
    opacity: 0;
    position: fixed; }
  to {
    opacity: 1;
    position: fixed; } }

@-webkit-keyframes showContainerShadow {
  from {
    opacity: 0;
    position: fixed; }
  to {
    opacity: 1;
    position: fixed; } }

@keyframes hideContainerShadow {
  from {
    opacity: 1;
    position: fixed; }
  to {
    opacity: 0;
    position: fixed; } }

@-webkit-keyframes hideContainerShadow {
  from {
    opacity: 1;
    position: fixed; }
  to {
    opacity: 0;
    position: fixed; } }

#slContainer .sl-views-wrapper
.sl-frame-component.sl-html-container {
  background: transparent;
  width: 100%;
  height: 100%;
  display: block;
  opacity: 1;
  left: auto;
  margin: auto;
  right: auto;
  bottom: auto;
  top: auto;
  position: fixed;
  border-radius: 4px;
  overflow: visible; }
  #slContainer .sl-views-wrapper
.sl-frame-component.sl-html-container.sl-position-center-middle {
    left: 0;
    right: 0;
    bottom: 0;
    top: 0;
    position: fixed; }
    #slContainer .sl-views-wrapper
.sl-frame-component.sl-html-container.sl-position-center-middle.sl-show-animation {
      -webkit-animation-name: showContainer;
      animation-name: showContainer;
      -webkit-animation-duration: 0.3s;
      animation-duration: 0.3s;
      animation-fill-mode: forwards; }
      #slContainer .sl-views-wrapper
.sl-frame-component.sl-html-container.sl-position-center-middle.sl-show-animation .sl-item-background-shade {
        -webkit-animation-name: showContainerShadow;
        animation-name: showContainerShadow;
        -webkit-animation-duration: 0.4s;
        animation-duration: 0.4s;
        animation-fill-mode: forwards;
        -webkit-transform: scale(15, 5);
        -moz-transform: scale(15, 5);
        -o-transform: scale(15, 5);
        transform: scale(15, 5);
        -webkit-transform-origin: top bottom;
        -moz-transform-origin: top bottom;
        -o-transform-origin: top bottom;
        transform-origin: top bottom; }
    #slContainer .sl-views-wrapper
.sl-frame-component.sl-html-container.sl-position-center-middle.sl-hide-animation {
      -webkit-animation-name: hideContainer;
      animation-name: hideContainer;
      -webkit-animation-duration: 0.4s;
      animation-duration: 0.4s;
      animation-fill-mode: forwards; }
      #slContainer .sl-views-wrapper
.sl-frame-component.sl-html-container.sl-position-center-middle.sl-hide-animation .sl-item-background-shade {
        -webkit-animation-name: hideContainerShadow;
        animation-name: hideContainerShadow;
        -webkit-animation-duration: 0.4s;
        animation-duration: 0.4s;
        animation-fill-mode: forwards;
        -webkit-transform: scale(15, 5);
        -moz-transform: scale(15, 5);
        -o-transform: scale(15, 5);
        transform: scale(15, 5);
        -webkit-transform-origin: top bottom;
        -moz-transform-origin: top bottom;
        -o-transform-origin: top bottom;
        transform-origin: top bottom; }
  #slContainer .sl-views-wrapper
.sl-frame-component.sl-html-container.sl-position-left-middle {
    bottom: 0;
    top: 0; }
    #slContainer .sl-views-wrapper
.sl-frame-component.sl-html-container.sl-position-left-middle.sl-show-animation {
      -webkit-animation-name: showContainerFromLeft;
      animation-name: showContainerFromLeft;
      -webkit-animation-duration: 0.3s;
      animation-duration: 0.3s;
      animation-fill-mode: forwards; }
    #slContainer .sl-views-wrapper
.sl-frame-component.sl-html-container.sl-position-left-middle.sl-hide-animation {
      -webkit-animation-name: hideContainerFromLeft;
      animation-name: hideContainerFromLeft;
      -webkit-animation-duration: 0.4s;
      animation-duration: 0.4s;
      animation-fill-mode: forwards; }
  #slContainer .sl-views-wrapper
.sl-frame-component.sl-html-container.sl-position-left-top {
    top: 0; }
    #slContainer .sl-views-wrapper
.sl-frame-component.sl-html-container.sl-position-left-top.sl-show-animation {
      -webkit-animation-name: showContainerFromLeft;
      animation-name: showContainerFromLeft;
      -webkit-animation-duration: 0.3s;
      animation-duration: 0.3s;
      animation-fill-mode: forwards; }
    #slContainer .sl-views-wrapper
.sl-frame-component.sl-html-container.sl-position-left-top.sl-hide-animation {
      -webkit-animation-name: hideContainerFromLeft;
      animation-name: hideContainerFromLeft;
      -webkit-animation-duration: 0.4s;
      animation-duration: 0.4s;
      animation-fill-mode: forwards; }
  #slContainer .sl-views-wrapper
.sl-frame-component.sl-html-container.sl-position-left-bottom {
    bottom: 0; }
    #slContainer .sl-views-wrapper
.sl-frame-component.sl-html-container.sl-position-left-bottom.sl-show-animation {
      -webkit-animation-name: showContainerFromLeft;
      animation-name: showContainerFromLeft;
      -webkit-animation-duration: 0.3s;
      animation-duration: 0.3s;
      animation-fill-mode: forwards; }
    #slContainer .sl-views-wrapper
.sl-frame-component.sl-html-container.sl-position-left-bottom.sl-hide-animation {
      -webkit-animation-name: hideContainerFromLeft;
      animation-name: hideContainerFromLeft;
      -webkit-animation-duration: 0.4s;
      animation-duration: 0.4s;
      animation-fill-mode: forwards; }
  #slContainer .sl-views-wrapper
.sl-frame-component.sl-html-container.sl-position-right-middle {
    bottom: 0;
    top: 0; }
    #slContainer .sl-views-wrapper
.sl-frame-component.sl-html-container.sl-position-right-middle.sl-show-animation {
      -webkit-animation-name: showContainerFromRight;
      animation-name: showContainerFromRight;
      -webkit-animation-duration: 0.3s;
      animation-duration: 0.3s;
      animation-fill-mode: forwards; }
    #slContainer .sl-views-wrapper
.sl-frame-component.sl-html-container.sl-position-right-middle.sl-hide-animation {
      -webkit-animation-name: hideContainerFromRight;
      animation-name: hideContainerFromRight;
      -webkit-animation-duration: 0.4s;
      animation-duration: 0.4s;
      animation-fill-mode: forwards; }
  #slContainer .sl-views-wrapper
.sl-frame-component.sl-html-container.sl-position-right-top {
    top: 0; }
    #slContainer .sl-views-wrapper
.sl-frame-component.sl-html-container.sl-position-right-top.sl-show-animation {
      -webkit-animation-name: showContainerFromRight;
      animation-name: showContainerFromRight;
      -webkit-animation-duration: 0.3s;
      animation-duration: 0.3s;
      animation-fill-mode: forwards; }
    #slContainer .sl-views-wrapper
.sl-frame-component.sl-html-container.sl-position-right-top.sl-hide-animation {
      -webkit-animation-name: hideContainerFromRight;
      animation-name: hideContainerFromRight;
      -webkit-animation-duration: 0.4s;
      animation-duration: 0.4s;
      animation-fill-mode: forwards; }
  #slContainer .sl-views-wrapper
.sl-frame-component.sl-html-container.sl-position-right-bottom {
    bottom: 0; }
    #slContainer .sl-views-wrapper
.sl-frame-component.sl-html-container.sl-position-right-bottom.sl-show-animation {
      -webkit-animation-name: showContainerFromRight;
      animation-name: showContainerFromRight;
      -webkit-animation-duration: 0.3s;
      animation-duration: 0.3s;
      animation-fill-mode: forwards; }
    #slContainer .sl-views-wrapper
.sl-frame-component.sl-html-container.sl-position-right-bottom.sl-hide-animation {
      -webkit-animation-name: hideContainerFromRight;
      animation-name: hideContainerFromRight;
      -webkit-animation-duration: 0.4s;
      animation-duration: 0.4s;
      animation-fill-mode: forwards; }
  #slContainer .sl-views-wrapper
.sl-frame-component.sl-html-container.sl-position-center-top {
    top: 0;
    left: 0;
    right: 0; }
    #slContainer .sl-views-wrapper
.sl-frame-component.sl-html-container.sl-position-center-top.sl-show-animation {
      -webkit-animation-name: showContainerFromTop;
      animation-name: showContainerFromTop;
      -webkit-animation-duration: 0.3s;
      animation-duration: 0.3s;
      animation-fill-mode: forwards; }
    #slContainer .sl-views-wrapper
.sl-frame-component.sl-html-container.sl-position-center-top.sl-hide-animation {
      -webkit-animation-name: hideContainerFromTop;
      animation-name: hideContainerFromTop;
      -webkit-animation-duration: 0.4s;
      animation-duration: 0.4s;
      animation-fill-mode: forwards; }
  #slContainer .sl-views-wrapper
.sl-frame-component.sl-html-container.sl-position-center-bottom {
    bottom: 0;
    left: 0;
    right: 0; }
    #slContainer .sl-views-wrapper
.sl-frame-component.sl-html-container.sl-position-center-bottom.sl-show-animation {
      -webkit-animation-name: showContainerFromBottom;
      animation-name: showContainerFromBottom;
      -webkit-animation-duration: 0.3s;
      animation-duration: 0.3s;
      animation-fill-mode: forwards; }
    #slContainer .sl-views-wrapper
.sl-frame-component.sl-html-container.sl-position-center-bottom.sl-hide-animation {
      -webkit-animation-name: hideContainerFromBottom;
      animation-name: hideContainerFromBottom;
      -webkit-animation-duration: 0.4s;
      animation-duration: 0.4s;
      animation-fill-mode: forwards; }
</style><style type="text/css" id="kampyleStyle">.noOutline{outline: none !important;}.wcagOutline:focus{outline: 1px dashed #595959 !important;outline-offset: 2px !important;transition: none !important;}</style></head><iframe style="width: 0px; height: 0px; display: none;"></iframe>
    <body data-engine-version="0.5.37" class="chakra-ui-light">
        <div id="root"><script>!function(){var d=document.documentElement,n='data-iceberg-theme',s='setAttribute';d[s](n,'loblaw')}()</script><div id="site-layout" class="site-layout site-layout--is-scrolled site-layout--desktop site-layout--loblaw" data-customer-is-anonymous="true" tabindex="-1"><div class="site-layout__header" data-auid="header"><div class="accessibility-links"><a href="#site-content" class="skip-to sr-only sr-only-focusable " data-is-external-link="true">Skip to Main Content</a><a href="#site-footer" class="skip-to sr-only sr-only-focusable " data-is-external-link="true">Skip to Footer</a></div><div class="h-12 flex flex-row text-sm items-center space-x-5 bg-iceberg-masthead-top-bar-background px-3 py-2 gap-4 text-iceberg-masthead-top-bar-foreground border-y border-y-iceberg-masthead-top-bar-border iceberg-site-banner pr-0" data-testid="iceberg-masthead-topbar"><div class="flex-1" data-testid="iceberg-masthead-left"><div class="flex flex-row items-center space-x-2" role="alert"><div class="font-noir font-normal text-xs text-iceberg-masthead-top-bar-foreground" data-testid="iceberg-top-bar-message"><div class="mode-transition__transition"><span class="mode-transition__transition__text">New to online grocery shopping? <button class="mode-transition__transition__button"> Learn more about our transparent fee structure.</button></span></div></div></div></div><div class="shrink-0" data-testid="iceberg-masthead-right"><div class="w-full flex flex-row items-center"><span class="iceberg-site-banner__list__item iceberg-site-banner__list__item--pc-optimum"><a class="iceberg-site-banner__list__item__link iceberg-site-banner__list__item__link--anchor iceberg-site-banner__list__item__link--exp-BX-2651-change-location-font-color" data-auid="pc-optimum-offers-link" href="/loyalty?navid=superheader"><span class="iceberg-site-banner__list__item__link__text"><span>PC Optimum</span></span></a></span><span class="iceberg-site-banner__list__item iceberg-site-banner__list__item--faq"><a class="iceberg-site-banner__list__item__link iceberg-site-banner__list__item__link--anchor iceberg-site-banner__list__item__link--exp-BX-2651-change-location-font-color" title="FAQ" data-auid="faq-link" href="/faq?navid=superheader"><span class="iceberg-site-banner__list__item__link__text">FAQ</span></a></span><span class="iceberg-site-banner__list__item"><span class="site-language-toggle site-language-toggle--iceberg-site-banner"><button class="site-language-toggle__item" data-language-code="fr" data-auid="language-toggle-button">FR</button></span></span></div></div></div><div class="site-header-wrapper"><div class="site-header-wrapper__header"><header class="site-header site-header--desktop site-header--exp-BX-2651-unhide-logo" data-cruller="site-header"><div class="desktop-site-header desktop-site-header--exp-BX-2651-shift-logo-far-left desktop-site-header--exp-BX-2651-reduce-flex-booking-selector desktop-site-header--logo-reversed desktop-site-header--rapid-mode-enabled"><div class="desktop-site-header__logo"><a class="logo logo--banner logo--rapid-mode-enabled logo--is-active" href="/"><img class="logo__image logo__image--loblaw logo__image--banner logo__image--rapid-mode-enabled logo__image--is-active" alt="Loblaws homepage" src="https://dis-prod.assetful.loblaw.ca/content/dam/loblaw-companies-limited/creative-assets/logos/pcx-banner-logos-/loblaw-reverse_v2.svg"></a><a class="logo logo--rapid logo--rapid-mode-enabled" href="/rapid-delivery"><img class="logo__image logo__image--rapid-logo-desktop logo__image--rapid logo__image--rapid-mode-enabled" alt="Rapid homepage" src="https://dis-prod.assetful.loblaw.ca/content/dam/loblaw-companies-limited/creative-assets/bolt/rapid-mode-logo.svg"></a></div><div class="desktop-site-header__search-form"><div class="flex items-center h-[50px]" data-testid="search-form"><div class="inline-flex flex-col relative w-full text-black mt-0" data-testid="autocomplete"><label id="react-aria49879830-:r3:" for="react-aria49879830-:r2:" class="block text-sm font-medium text-iceberg-lighter-grey text-left sr-only">Search for product</label><div class="relative"><input type="text" class="flex h-10 w-full rounded-md border border-input bg-background px-3 py-2 text-sm ring-offset-background file:border-0 file:bg-transparent file:text-sm file:font-medium placeholder:text-muted-foreground focus-visible:outline-none focus-visible:ring-2 focus-visible:ring-ring focus-visible:ring-offset-2 disabled:cursor-not-allowed disabled:opacity-50 whitespace-nowrap overflow-hidden text-ellipsis pt-[5px] pr-[80px] pb-[5px] pl-[15px]" data-testid="autocomplete-input" aria-autocomplete="list" autocomplete="off" placeholder="Search for product" id="react-aria49879830-:r2:" aria-labelledby="react-aria49879830-:r3:" role="combobox" aria-expanded="false" autocorrect="off" spellcheck="false" value=""><div class="flex absolute right-2 top-0 h-7 gap-2 items-center mt-1.5"><button class="inline-flex items-center justify-center whitespace-nowrap rounded-md text-sm font-medium ring-offset-background transition-colors focus-visible:outline-none focus-visible:ring-2 focus-visible:ring-offset-2 disabled:pointer-events-none disabled:opacity-50 mr-2 h-5 w-5 right-0 top-3 bg-transparent text-iceberg-black hover:bg-transparent focus-visible:ring-iceberg-lighter-grey" data-testid="submit-search" title="Submit Search" aria-label="Submit Search" type="submit"><svg xmlns="http://www.w3.org/2000/svg" width="24" height="24" viewBox="0 0 24 24" fill="none" stroke="currentColor" stroke-width="2" stroke-linecap="round" stroke-linejoin="round" class="lucide lucide-search"><circle cx="11" cy="11" r="8"></circle><path d="m21 21-4.3-4.3"></path></svg></button></div></div></div></div></div><div class="desktop-site-header__booking-selector"><div class="booking-selector"><div class="fulfillment-mode"><button data-cruller="fulfillment-mode-button" data-cruller-extra="fulfillment-mode-button--autolocalized" class="fulfillment-mode-button fulfillment-mode-button--start-order" aria-expanded="false" aria-label="View location: Arbutus City Market"><div class="fulfillment-mode-button__content"><div class="fulfillment-mode-button__content__location" data-cruller="current-location"><svg class="MuiSvgIcon-root fulfillment-mode-button__icon" focusable="false" viewBox="0 0 24 24" aria-hidden="true"><path d="M12 2C8.13 2 5 5.13 5 9c0 5.25 7 13 7 13s7-7.75 7-13c0-3.87-3.13-7-7-7zM7 9c0-2.76 2.24-5 5-5s5 2.24 5 5c0 2.88-2.88 7.19-5 9.88C9.92 16.21 7 11.85 7 9z"></path><circle cx="12" cy="9" r="2.5"></circle></svg><span>Arbutus City Market</span></div></div></button></div></div></div></div><div class="menu-bar"><div class="menu-bar__navigation"><nav class="primary-nav" aria-label="Main navigation"><ul class="primary-nav__list primary-nav__list--level-0" data-code="root"><li class="primary-nav__list__item primary-nav__list__item--with-children"><button class="primary-nav__list__item__link primary-nav__list__item__link--banner" data-code="xp-455-food-departments" aria-expanded="false" data-aria-current="false"><span class="primary-nav__list__item__link__text">Grocery</span><svg class="MuiSvgIcon-root primary-nav__list__item__link__icon" focusable="false" viewBox="0 0 24 24" aria-hidden="true" style="font-size: 24px;"><path d="M16.59 8.59L12 13.17 7.41 8.59 6 10l6 6 6-6z"></path></svg></button><ul class="primary-nav__list primary-nav__list--level-1" data-code="xp-455-food-departments"><li class="primary-nav__list__item primary-nav__list__item--state-hover primary-nav__list__item--state-active primary-nav__list__item--with-children"><a class="primary-nav__list__item__link" data-code="/collections/shop-local-all" aria-expanded="true" href="/collections/shop-local-all?navid=flyout-L2-seasonal-shop" data-aria-current="page"><span class="primary-nav__list__item__link__text">Seasonal Shop</span></a><ul class="primary-nav__list primary-nav__list--level-2" data-code="seasonal-shop"><li class="primary-nav__list__item primary-nav__list__item--see-all" data-code="seasonal-shop"><a class="primary-nav__list__item__link" data-code="seasonal-shop" href="/collections/shop-local-all?navid=flyout-L2-see-all-Seasonal-Shop"><span class="primary-nav__list__item__link__text">See All Seasonal Shop</span></a></li><div class="nav-columns column-count--2"><li class="primary-nav__list__item"><a class="primary-nav__list__item__link" data-code="/collection/grilling" href="/collection/grilling?navid=flyout-L3-mkt-grilling-nav-seasonal" style="min-height: 0px;"><span class="primary-nav__list__item__link__text" style="font-weight: 600; text-decoration: underline;">BBQ &amp; Grilling</span></a></li><li class="primary-nav__list__item"><a class="primary-nav__list__item__link" data-code="/collection/summer-weekend-essentials" href="/collection/summer-weekend-essentials?navid=flyout-L3-mkt-summer-shop-summer-essentials" style="min-height: 0px;"><span class="primary-nav__list__item__link__text" style="font-weight: 600; text-decoration: underline;">Summer Essentials</span></a></li><li class="primary-nav__list__item"><a class="primary-nav__list__item__link" data-code="/collection/summer-weekend-essentials-suncare-outdoor-goods" href="/collection/summer-weekend-essentials-suncare-outdoor-goods?navid=flyout-L3-mkt-summer-shop-summer-essentials-suncare"><span class="primary-nav__list__item__link__text">Sun Care &amp; Insect Repellent</span></a></li><li class="primary-nav__list__item"><a class="primary-nav__list__item__link" data-code="/collection/summer-weekend-essentials-snacks" href="/collection/summer-weekend-essentials-snacks?navid=flyout-L3-mkt-summer-shop-summer-essentials-snacks"><span class="primary-nav__list__item__link__text">Drinks &amp; Snacks</span></a></li><li class="primary-nav__list__item"><a class="primary-nav__list__item__link" data-code="/collection/summer-weekend-essentials-desserts" href="/collection/summer-weekend-essentials-desserts?navid=flyout-L3-mkt-summer-shop-summer-essentials-ice-cream-desserts"><span class="primary-nav__list__item__link__text">Ice Cream &amp; Popsicles</span></a></li><li class="primary-nav__list__item"><a class="primary-nav__list__item__link" data-code="/collection/inseason-produce" href="/collection/inseason-produce?navid=flyout-L3-mkt-in-season-produce-nav-seasonal-from-your-farmers" style="min-height: 0px;"><span class="primary-nav__list__item__link__text" style="font-weight: 600; text-decoration: underline;">From Your Farmers</span></a></li><li class="primary-nav__list__item"><a class="primary-nav__list__item__link" data-code="/collection/caribana" href="/collection/caribana?navid=flyout-L3-mkt-seasonal-caribana" style="min-height: 0px;"><span class="primary-nav__list__item__link__text" style="font-weight: 600; text-decoration: underline;">Celebrate Caribana</span></a></li><li class="primary-nav__list__item"><a class="primary-nav__list__item__link" data-code="/collection/food-lovers-featured-picks" href="/collection/food-lovers-featured-picks?navid=flyout-L3-mkt-dmap-brand-picks-p11-halloween" style="min-height: 0px;"><span class="primary-nav__list__item__link__text" style="font-weight: 600; text-decoration: underline;">Food Lovers Featured Picks</span></a></li></div></ul></li><li class="primary-nav__list__item primary-nav__list__item--state-disabled primary-nav__list__item--with-children"><a class="primary-nav__list__item__link" data-code="28000" aria-expanded="false" href="/food/fruits-vegetables/c/28000?navid=flyout-L2-fruits-vegetables"><span class="primary-nav__list__item__link__text">Fruits &amp; Vegetables</span></a></li><li class="primary-nav__list__item primary-nav__list__item--state-disabled primary-nav__list__item--with-children"><a class="primary-nav__list__item__link" data-code="28003" aria-expanded="false" href="/food/dairy-eggs/c/28003?navid=flyout-L2-Dairy-and-Eggs"><span class="primary-nav__list__item__link__text">Dairy &amp; Eggs</span></a></li><li class="primary-nav__list__item primary-nav__list__item--state-disabled primary-nav__list__item--with-children"><a class="primary-nav__list__item__link" data-code="28006" aria-expanded="false" href="/food/pantry/c/28006?navid=flyout-L2-Pantry"><span class="primary-nav__list__item__link__text">Pantry</span></a></li><li class="primary-nav__list__item primary-nav__list__item--state-disabled primary-nav__list__item--with-children"><a class="primary-nav__list__item__link" data-code="58044" aria-expanded="false" href="/food/international-foods/c/58044?navid=flyout-L2-International-Foods"><span class="primary-nav__list__item__link__text">International Foods</span></a></li><li class="primary-nav__list__item primary-nav__list__item--state-disabled primary-nav__list__item--with-children"><a class="primary-nav__list__item__link" data-code="27998" aria-expanded="false" href="/food/meat/c/27998?navid=flyout-L2-Meat"><span class="primary-nav__list__item__link__text">Meat</span></a></li><li class="primary-nav__list__item primary-nav__list__item--state-disabled primary-nav__list__item--with-children"><a class="primary-nav__list__item__link" data-code="27999" aria-expanded="false" href="/food/fish-seafood/c/27999?navid=flyout-L2-Fish-and-Seafood"><span class="primary-nav__list__item__link__text">Fish &amp; Seafood</span></a></li><li class="primary-nav__list__item primary-nav__list__item--state-disabled primary-nav__list__item--with-children"><a class="primary-nav__list__item__link" data-code="57025" aria-expanded="false" href="/food/snacks-chips-candy/c/57025?navid=flyout-L2-snacks-chips-and-candy"><span class="primary-nav__list__item__link__text">Snacks, Chips &amp; Candy</span></a></li><li class="primary-nav__list__item primary-nav__list__item--state-disabled primary-nav__list__item--with-children"><a class="primary-nav__list__item__link" data-code="28004" aria-expanded="false" href="/food/drinks/c/28004?navid=flyout-L2-Drinks"><span class="primary-nav__list__item__link__text">Drinks</span></a></li><li class="primary-nav__list__item primary-nav__list__item--state-disabled primary-nav__list__item--with-children"><a class="primary-nav__list__item__link" data-code="28005" aria-expanded="false" href="/food/frozen-food/c/28005?navid=flyout-L2-frozen-food"><span class="primary-nav__list__item__link__text">Frozen Food</span></a></li><li class="primary-nav__list__item primary-nav__list__item--state-disabled primary-nav__list__item--with-children"><a class="primary-nav__list__item__link" data-code="28189" aria-expanded="false" href="/food/natural-and-organic/c/28189?navid=flyout-L2-Natural-Organic"><span class="primary-nav__list__item__link__text">Natural and Organic</span></a></li><li class="primary-nav__list__item primary-nav__list__item--state-disabled primary-nav__list__item--with-children"><a class="primary-nav__list__item__link" data-code="28001" aria-expanded="false" href="/food/deli/c/28001?navid=flyout-L2-Deli"><span class="primary-nav__list__item__link__text">Deli</span></a></li><li class="primary-nav__list__item primary-nav__list__item--state-disabled primary-nav__list__item--with-children"><a class="primary-nav__list__item__link" data-code="28002" aria-expanded="false" href="/food/bakery/c/28002?navid=flyout-L2-Bakery"><span class="primary-nav__list__item__link__text">Bakery</span></a></li><li class="primary-nav__list__item primary-nav__list__item--state-disabled primary-nav__list__item--with-children"><a class="primary-nav__list__item__link" data-code="27996" aria-expanded="false" href="/food/prepared-meals/c/27996?navid=flyout-L2-Prepared-Meals"><span class="primary-nav__list__item__link__text">Prepared Meals</span></a></li><li class="primary-nav__list__item primary-nav__list__item--state-disabled"><a class="primary-nav__list__item__link" data-code="58821" href="/floral-shop/c/58821?navid=flyout-L2-FloralShop"><span class="primary-nav__list__item__link__text">Floral Shop</span></a></li></ul></li><li class="primary-nav__list__item primary-nav__list__item--with-children"><button class="primary-nav__list__item__link primary-nav__list__item__link--banner" data-code="xp-455-nonfood-departments" aria-expanded="false" data-aria-current="false"><span class="primary-nav__list__item__link__text">Home, Beauty &amp; Baby</span><svg class="MuiSvgIcon-root primary-nav__list__item__link__icon" focusable="false" viewBox="0 0 24 24" aria-hidden="true" style="font-size: 24px;"><path d="M16.59 8.59L12 13.17 7.41 8.59 6 10l6 6 6-6z"></path></svg></button><ul class="primary-nav__list primary-nav__list--level-1" data-code="xp-455-nonfood-departments"><li class="primary-nav__list__item primary-nav__list__item--state-hover primary-nav__list__item--state-active primary-nav__list__item--with-children"><a class="primary-nav__list__item__link" data-code="27987" aria-expanded="true" href="/baby/c/27987?navid=flyout-L2-Baby" data-aria-current="page"><span class="primary-nav__list__item__link__text">Baby</span></a><ul class="primary-nav__list primary-nav__list--level-2" data-code="Baby"><li class="primary-nav__list__item primary-nav__list__item--see-all" data-code="Baby"><a class="primary-nav__list__item__link" data-code="Baby" href="/baby/c/27987?navid=flyout-L2-see-all-Baby"><span class="primary-nav__list__item__link__text">See All Baby</span></a></li><div class="nav-columns column-count--3"><li class="primary-nav__list__item"><a class="primary-nav__list__item__link" data-code="27987" href="/baby/c/27987?navid=flyout-L3-baby-hub" style="min-height: 0px;"><span class="primary-nav__list__item__link__text" style="font-weight: 600; text-decoration: underline;">Baby Shop</span></a></li><li class="primary-nav__list__item"><a class="primary-nav__list__item__link" data-code="28031" href="/baby/nursing-feeding/c/28031?navid=flyout-L3-Nursing-and-Feeding" style="min-height: 0px;"><span class="primary-nav__list__item__link__text" style="font-weight: 600; text-decoration: underline;">Nursing &amp; Feeding</span></a></li><li class="primary-nav__list__item"><a class="primary-nav__list__item__link" data-code="42410" href="/baby/nursing-feeding/baby-formula/baby-food/c/42410?navid=flyout-L3-Baby Food"><span class="primary-nav__list__item__link__text">Baby Food</span></a></li><li class="primary-nav__list__item"><a class="primary-nav__list__item__link" data-code="28480" href="/baby-formula/c/28480?navid=flyout-L3-Baby Formula"><span class="primary-nav__list__item__link__text">Baby Formula</span></a></li><li class="primary-nav__list__item"><a class="primary-nav__list__item__link" data-code="28481" href="/baby/nursing-feeding/bottles-accessories/c/28481?navid=flyout-L3-Bottles &amp; Accessories"><span class="primary-nav__list__item__link__text">Bottles &amp; Accessories</span></a></li><li class="primary-nav__list__item"><a class="primary-nav__list__item__link" data-code="28030" href="/baby/changing-potty-training/c/28030?navid=flyout-L3-Changing-and-Potty-Training" style="min-height: 0px;"><span class="primary-nav__list__item__link__text" style="font-weight: 600; text-decoration: underline;">Diapers &amp; Potty Training</span></a></li><li class="primary-nav__list__item"><a class="primary-nav__list__item__link" data-code="28159" href="/baby/changing-potty-training/diapers/c/28159?navid=flyout-L3-Diapers"><span class="primary-nav__list__item__link__text">Diapers</span></a></li><li class="primary-nav__list__item"><a class="primary-nav__list__item__link" data-code="28478" href="/baby/changing-potty-training/baby-wipes/c/28478?navid=flyout-L3-Wipes"><span class="primary-nav__list__item__link__text">Wipes</span></a></li><li class="primary-nav__list__item"><a class="primary-nav__list__item__link" data-code="28415" href="/baby/baby-accessories/baby-toiletries/c/28415?navid=flyout-L3-Baby Toiletries" style="min-height: 0px;"><span class="primary-nav__list__item__link__text" style="font-weight: 600; text-decoration: underline;">Baby Toiletries</span></a></li><li class="primary-nav__list__item"><a class="primary-nav__list__item__link" data-code="30888" href="/baby/baby-accessories/baby-toiletries/baby-skin-care/c/30888?navid=flyout-L3-Baby Skin Care"><span class="primary-nav__list__item__link__text">Baby Skin Care</span></a></li><li class="primary-nav__list__item"><a class="primary-nav__list__item__link" data-code="28026" href="/baby/baby-safety/c/28026?navid=flyout-L3-Baby-Safety" style="min-height: 0px;"><span class="primary-nav__list__item__link__text" style="font-weight: 600; text-decoration: underline;">Baby Safety</span></a></li><li class="primary-nav__list__item"><a class="primary-nav__list__item__link" data-code="28028" href="/baby/baby-toys/c/28028?navid=flyout-L3-Baby-Toys" style="min-height: 0px;"><span class="primary-nav__list__item__link__text" style="font-weight: 600; text-decoration: underline;">Baby Toys</span></a></li><li class="primary-nav__list__item"><a class="primary-nav__list__item__link" data-code="28029" href="/baby/car-seats-strollers/c/28029?navid=flyout-L3-Car-Seats-and-Strollers" style="min-height: 0px;"><span class="primary-nav__list__item__link__text" style="font-weight: 600; text-decoration: underline;">Car Seats &amp; Strollers</span></a></li><li class="primary-nav__list__item"><a class="primary-nav__list__item__link" data-code="28032" href="/baby/gear/c/28032?navid=flyout-L3-Gear" style="min-height: 0px;"><span class="primary-nav__list__item__link__text" style="font-weight: 600; text-decoration: underline;">Gear</span></a></li><li class="primary-nav__list__item"><a class="primary-nav__list__item__link" data-code="28034" href="/baby/nursery/c/28034?navid=flyout-L3-Nursery" style="min-height: 0px;"><span class="primary-nav__list__item__link__text" style="font-weight: 600; text-decoration: underline;">Nursery</span></a></li><li class="primary-nav__list__item"><a class="primary-nav__list__item__link" data-code="28035" href="/baby/pregnancy-maternity/c/28035?navid=flyout-L3-Pregnancy-and-Maternity" style="min-height: 0px;"><span class="primary-nav__list__item__link__text" style="font-weight: 600; text-decoration: underline;">Pregnancy &amp; Maternity</span></a></li></div><li class="primary-nav__list primary-nav__list--promos"><div class="block-wrapper block-wrapper--block-type-block-linked-image" data-cms-id="1j6tbph1xdlQ7CsGLfr3pp"><div class="block-wrapper__content" style="padding: 0px;"></div></div></li></ul></li><li class="primary-nav__list__item primary-nav__list__item--state-disabled primary-nav__list__item--with-children"><a class="primary-nav__list__item__link" data-code="27988" aria-expanded="false" href="/pet-supplies/c/27988?navid=flyout-L2-Pet-Food-Supplies"><span class="primary-nav__list__item__link__text">Pet Food &amp; Supplies</span></a></li><li class="primary-nav__list__item primary-nav__list__item--state-disabled primary-nav__list__item--with-children"><a class="primary-nav__list__item__link" data-code="28011" aria-expanded="false" href="/home-and-living/household-cleaning-products/c/28011?navid=flyout-L2-Household-and-Cleaning-Products"><span class="primary-nav__list__item__link__text">Household Supplies</span></a></li><li class="primary-nav__list__item primary-nav__list__item--state-disabled primary-nav__list__item--with-children"><a class="primary-nav__list__item__link" data-code="27986" aria-expanded="false" href="/home-and-living/c/27986?navid=flyout-L2-Home &amp; Kitchen"><span class="primary-nav__list__item__link__text">Home &amp; Kitchen</span></a></li><li class="primary-nav__list__item primary-nav__list__item--state-disabled primary-nav__list__item--with-children"><a class="primary-nav__list__item__link" data-code="27991" aria-expanded="false" href="/office-school-supplies/c/27991?navid=flyout-L2-School-and-Office-Supplies"><span class="primary-nav__list__item__link__text">School &amp; Office Supplies</span></a></li><li class="primary-nav__list__item primary-nav__list__item--state-disabled primary-nav__list__item--with-children"><a class="primary-nav__list__item__link" data-code="27994" aria-expanded="false" href="/health-beauty/c/27994?navid=flyout-L2-Health-and-Beauty"><span class="primary-nav__list__item__link__text">Health &amp; Beauty</span></a></li><li class="primary-nav__list__item primary-nav__list__item--state-disabled primary-nav__list__item--with-children"><a class="primary-nav__list__item__link" data-code="27990" aria-expanded="false" href="/toys-games-hobbies/c/27990?navid=flyout-L2-Toys-Games-and-Party-Supplies"><span class="primary-nav__list__item__link__text">Toys, Games &amp; Party Supplies</span></a></li><li class="primary-nav__list__item primary-nav__list__item--state-disabled primary-nav__list__item--with-children"><a class="primary-nav__list__item__link" data-code="27992" aria-expanded="false" href="/computers-electronics/c/27992?navid=flyout-L2-Electronics &amp; Batteries "><span class="primary-nav__list__item__link__text">Electronics &amp; Batteries </span></a></li><li class="primary-nav__list__item primary-nav__list__item--state-disabled primary-nav__list__item--with-children"><a class="primary-nav__list__item__link" data-code="27995" aria-expanded="false" href="/lawn-garden-patio/c/27995?navid=flyout-L2-Lawn-Garden-Patio-pcx"><span class="primary-nav__list__item__link__text">Lawn, Garden &amp; Patio</span></a></li></ul></li><li class="primary-nav__list__item primary-nav__list__item--with-children"><button class="primary-nav__list__item__link" data-code="WhatsNew" aria-expanded="false" data-aria-current="false"><span class="primary-nav__list__item__link__text">Discover</span><svg class="MuiSvgIcon-root primary-nav__list__item__link__icon" focusable="false" viewBox="0 0 24 24" aria-hidden="true" style="font-size: 24px;"><path d="M16.59 8.59L12 13.17 7.41 8.59 6 10l6 6 6-6z"></path></svg></button><ul class="primary-nav__list primary-nav__list--level-1" data-code="WhatsNew"><li class="primary-nav__list__item"><a class="primary-nav__list__item__link" data-code="/collection/new-arrivals" href="/collection/new-arrivals?navid=flyout-L2-mkt-new-arrivals-nav-discovery"><span class="primary-nav__list__item__link__text">New Arrivals</span></a></li><li class="primary-nav__list__item"><a class="primary-nav__list__item__link" data-code="/collection/canning" href="/collection/canning?navid=flyout-L2-mkt-canning-nav-seasonal" style="min-height: 0px;"><span class="primary-nav__list__item__link__text" style="font-weight: 600; text-decoration: underline;">Canning Essentials</span></a></li><li class="primary-nav__list__item"><a class="primary-nav__list__item__link" data-code="/collection/fresh-meals" href="/collection/fresh-meals?navid=flyout-L2-mkt-discover-fresh-meals"><span class="primary-nav__list__item__link__text">Shop Fresh Meals</span></a></li><li class="primary-nav__list__item"><a class="primary-nav__list__item__link" data-code="/collection/catering-trays" href="/collection/catering-trays?navid=flyout-L2-mkt-catering-trays-nav-discovery"><span class="primary-nav__list__item__link__text">Party Platters</span></a></li><li class="primary-nav__list__item"><a class="primary-nav__list__item__link" data-code="/collection/cakes" href="/collection/cakes?navid=flyout-L2-mkt-cakes-discover"><span class="primary-nav__list__item__link__text">Celebration Cakes</span></a></li><li class="primary-nav__list__item"><a class="primary-nav__list__item__link" data-code="/browse-by-brand" href="/browse-by-brand?navid=flyout-L2-Browse By Brand"><span class="primary-nav__list__item__link__text">Browse By Brand</span></a></li></ul></li><li class="primary-nav__list__item primary-nav__list__item--with-children"><button class="primary-nav__list__item__link" data-code="my-shop" aria-expanded="false" data-aria-current="false"><span class="primary-nav__list__item__link__text">My Shop</span><svg class="MuiSvgIcon-root primary-nav__list__item__link__icon" focusable="false" viewBox="0 0 24 24" aria-hidden="true" style="font-size: 24px;"><path d="M16.59 8.59L12 13.17 7.41 8.59 6 10l6 6 6-6z"></path></svg></button><ul class="primary-nav__list primary-nav__list--level-1" data-code="my-shop"><li class="primary-nav__list__item"><a class="primary-nav__list__item__link" data-code="/myshop" href="/myshop?navid=flyout-L2-QuickShopMostPurchasedNode"><span class="primary-nav__list__item__link__text">Most Purchased</span></a></li><li class="primary-nav__list__item"><a class="primary-nav__list__item__link" data-code="/myshop/past-orders" href="/myshop/past-orders?navid=flyout-L2-past-orders"><span class="primary-nav__list__item__link__text">Past Orders</span></a></li><li class="primary-nav__list__item"><a class="primary-nav__list__item__link" data-code="/myshop/aisles" href="/myshop/aisles?navid=flyout-L2-myshop-aisles"><span class="primary-nav__list__item__link__text">Aisles</span></a></li><li class="primary-nav__list__item"><a class="primary-nav__list__item__link" data-code="/lists" href="/lists?navid=flyout-L2-Shopping-List"><span class="primary-nav__list__item__link__text">Shopping List</span></a></li></ul></li><li class="primary-nav__list__item primary-nav__list__item--with-children"><button class="primary-nav__list__item__link" data-code="flyers-deals" aria-expanded="false" data-aria-current="false"><span class="primary-nav__list__item__link__text">Flyers &amp; Deals</span><svg class="MuiSvgIcon-root primary-nav__list__item__link__icon" focusable="false" viewBox="0 0 24 24" aria-hidden="true" style="font-size: 24px;"><path d="M16.59 8.59L12 13.17 7.41 8.59 6 10l6 6 6-6z"></path></svg></button><ul class="primary-nav__list primary-nav__list--level-1" data-code="flyers-deals"><li class="primary-nav__list__item"><a class="primary-nav__list__item__link" data-code="/print-flyer" href="/print-flyer?navid=flyout-L2-Flyer"><span class="primary-nav__list__item__link__text">Flyer</span></a></li><li class="primary-nav__list__item"><a class="primary-nav__list__item__link" data-code="/deals/all" href="/deals/all?navid=flyout-L2-All-Deals"><span class="primary-nav__list__item__link__text">All Deals</span></a></li><li class="primary-nav__list__item"><a class="primary-nav__list__item__link" data-code="/collection/hit-of-the-month" href="/collection/hit-of-the-month?navid=flyout-L2-mkt-flyers-deals-hit-of-the-month"><span class="primary-nav__list__item__link__text">Hit of the Month</span></a></li><li class="primary-nav__list__item"><a class="primary-nav__list__item__link" data-code="/collection/price-drop" href="/collection/price-drop?navid=flyout-L2-flyer-deals-nav-mkt-price-drop"><span class="primary-nav__list__item__link__text">Price Drop</span></a></li><li class="primary-nav__list__item"><a href="https://www.pcoptimum.ca/load?page=MKDigitalCoupon20230202&amp;utm_source=pco-web&amp;utm_medium=internal-referral&amp;utm_campaign=20230202_W5_P2_eng_campaign-pcx____&amp;navid=flyer-deals-nav-mkt-digital-coupons" aria-describedby="describe-link-opens-new-tab" target="_blank" rel="noopener noreferrer" class="primary-nav__list__item__link" data-code="https://www.pcoptimum.ca/load?page=MKDigitalCoupon20230202&amp;utm_source=pco-web&amp;utm_medium=internal-referral&amp;utm_campaign=20230202_W5_P2_eng_campaign-pcx____" data-is-external-link="true"><span class="primary-nav__list__item__link__text">Digital Coupons</span></a></li><li class="primary-nav__list__item"><a class="primary-nav__list__item__link" data-code="/loyalty" href="/loyalty?navid=flyout-L2-flyer-deals-nav-mkt-pco-loyalty"><span class="primary-nav__list__item__link__text">PC Optimum Offers</span></a></li><li class="primary-nav__list__item"><a class="primary-nav__list__item__link" data-code="/collection/no-name" href="/collection/no-name?navid=flyout-L2-mkt-seasonal-no-name"><span class="primary-nav__list__item__link__text">shop no name®</span></a></li><li class="primary-nav__list__item"><a class="primary-nav__list__item__link" data-code="/collection/online-offers " href="/collection/online-offers ?navid=flyout-L2-flyer-deals-nav-mkt-deli-offer"><span class="primary-nav__list__item__link__text">5K pts on Ziggy's deli meat</span></a></li><li class="primary-nav__list__item"><a class="primary-nav__list__item__link" data-code="/collection/all-offers-deals" href="/collection/all-offers-deals?navid=flyout-L2-mkt-flyers-and-deals-discover-more-value"><span class="primary-nav__list__item__link__text">Discover More Value</span></a></li></ul></li><li class="primary-nav__list__item primary-nav__list__item--with-children"><button class="primary-nav__list__item__link" data-code="services" aria-expanded="false" data-aria-current="false"><span class="primary-nav__list__item__link__text">Services</span><svg class="MuiSvgIcon-root primary-nav__list__item__link__icon" focusable="false" viewBox="0 0 24 24" aria-hidden="true" style="font-size: 24px;"><path d="M16.59 8.59L12 13.17 7.41 8.59 6 10l6 6 6-6z"></path></svg></button><ul class="primary-nav__list primary-nav__list--level-1" data-code="services"><li class="primary-nav__list__item"><a class="primary-nav__list__item__link" data-code="/rapid-delivery" href="/rapid-delivery?navid=flyout-L2-navigation-services-rapid-delivery-loblaw"><span class="primary-nav__list__item__link__text">Rapid Delivery</span></a></li><li class="primary-nav__list__item"><a class="primary-nav__list__item__link" data-code="/pharmacy" href="/pharmacy?navid=flyout-L2-Pharmacy"><span class="primary-nav__list__item__link__text">Pharmacy</span></a></li><li class="primary-nav__list__item"><a href="https://www.dietitianservices.ca?navid=flyout-L2-Dietitians" aria-describedby="describe-link-opens-new-tab" target="_blank" rel="noopener noreferrer" class="primary-nav__list__item__link" data-code="https://www.dietitianservices.ca" data-is-external-link="true"><span class="primary-nav__list__item__link__text">Dietitians</span></a></li><li class="primary-nav__list__item"><a class="primary-nav__list__item__link" data-code="/medical-clinics?navid=medical-clinics" href="/medical-clinics?navid=medical-clinics&amp;navid=Medical Clinics"><span class="primary-nav__list__item__link__text">Medical Clinics</span></a></li><li class="primary-nav__list__item"><a href="https://www.pcmobile.ca/en/?navid=flyout-L2-pc-mobile" aria-describedby="describe-link-opens-new-tab" target="_blank" rel="noopener noreferrer" class="primary-nav__list__item__link" data-code="https://www.pcmobile.ca/en/" data-is-external-link="true"><span class="primary-nav__list__item__link__text">PC Mobile</span></a></li><li class="primary-nav__list__item"><a href="https://erefill.yourhealthmattershere.ca/lcl-erefill-services/home/en_CA/welcome?navid=flyout-L2-perscription-management" aria-describedby="describe-link-opens-new-tab" target="_blank" rel="noopener noreferrer" class="primary-nav__list__item__link" data-code="https://erefill.yourhealthmattershere.ca/lcl-erefill-services/home/en_CA/welcome" data-is-external-link="true"><span class="primary-nav__list__item__link__text">Prescription Management </span></a></li><li class="primary-nav__list__item"><a href="https://s7d1.scene7.com/is/content/loblaw/loblaw-companies-limited/creative-assets/grocery/2023/wk47/cs-12536---ad-hoc-party-platter-pdfs/2502014_mkt_party_platter_menu_price_2023_en_West72.pdf?navid=flyout-L2-services-mkt-party-platters-west&amp;navid=services-mkt-party-platters-west" aria-describedby="describe-link-opens-new-tab" target="_blank" rel="noopener noreferrer" class="primary-nav__list__item__link" data-code="https://s7d1.scene7.com/is/content/loblaw/loblaw-companies-limited/creative-assets/grocery/2023/wk47/cs-12536---ad-hoc-party-platter-pdfs/2502014_mkt_party_platter_menu_price_2023_en_West72.pdf?navid=flyout-L2-services-mkt-party-platters-west" data-is-external-link="true"><span class="primary-nav__list__item__link__text">Party Platters - Full Brochure</span></a></li></ul></li><li class="primary-nav__list__item"><a class="primary-nav__list__item__link" data-code="/pc-express-pass" href="/pc-express-pass?navid=flyout-L1-PCXPass"><span class="primary-nav__list__item__link__text">PC Express Pass</span></a></li></ul></nav></div><div class="menu-bar__account menu-bar__account--exp-BX-2651-shift-flyout-down"><div class="header-account-links"><div class="header-account-links__item"><div class="account account--exp-BX-2651-login-font-color"><a class="sign-in account__login-link" data-track="headerSignInLink" data-auid="account-login-button" href="/account/login?redirect=/"><svg class="MuiSvgIcon-root account__login-link__icon" focusable="false" viewBox="0 0 24 24" aria-hidden="true" style="font-size: 16px;"><path d="M12 2C6.48 2 2 6.48 2 12s4.48 10 10 10 10-4.48 10-10S17.52 2 12 2zM7.07 18.28c.43-.9 3.05-1.78 4.93-1.78s4.51.88 4.93 1.78C15.57 19.36 13.86 20 12 20s-3.57-.64-4.93-1.72zm11.29-1.45c-1.43-1.74-4.9-2.33-6.36-2.33s-4.93.59-6.36 2.33C4.62 15.49 4 13.82 4 12c0-4.41 3.59-8 8-8s8 3.59 8 8c0 1.82-.62 3.49-1.64 4.83zM12 6c-1.94 0-3.5 1.56-3.5 3.5S10.06 13 12 13s3.5-1.56 3.5-3.5S13.94 6 12 6zm0 5c-.83 0-1.5-.67-1.5-1.5S11.17 8 12 8s1.5.67 1.5 1.5S12.83 11 12 11z"></path></svg>Sign In</a></div></div></div></div><div class="menu-bar__mini-cart" data-auid="mini-cart"><div class="mini-cart mini-cart--inactive" data-cruller="conditional-content-inactive"><button class="desktop-mini-cart-button" data-track="headerMiniCartButton" data-auid="mini-cart-button" aria-expanded="false" alt="Review Cart" data-testid="mini-cart-button"><span class="sr-only sr-only-focusable">Review Cart</span><div class="cart-item-count cart-item-count--length-0"><svg class="MuiSvgIcon-root cart-item-count__icon" focusable="false" viewBox="0 0 24 24" aria-hidden="true"><path d="M15.55 13c.75 0 1.41-.41 1.75-1.03l3.58-6.49c.37-.66-.11-1.48-.87-1.48H5.21l-.94-2H1v2h2l3.6 7.59-1.35 2.44C4.52 15.37 5.48 17 7 17h12v-2H7l1.1-2h7.45zM6.16 6h12.15l-2.76 5H8.53L6.16 6zM7 18c-1.1 0-1.99.9-1.99 2S5.9 22 7 22s2-.9 2-2-.9-2-2-2zm10 0c-1.1 0-1.99.9-1.99 2s.89 2 1.99 2 2-.9 2-2-.9-2-2-2z"></path></svg><span class="cart-item-count__text" data-cruller="mini-cart-item-count">0</span></div><div class="desktop-mini-cart-button__subtotal"><span class="cart-subtotal"><span data-cruller="cart-subtotal-text">$0.00</span></span></div><svg class="MuiSvgIcon-root desktop-mini-cart-button__icon" focusable="false" viewBox="0 0 24 24" aria-hidden="true" style="font-size: 18px;"><path d="M16.59 8.59L12 13.17 7.41 8.59 6 10l6 6 6-6z"></path></svg></button><div class="mini-cart__flyout" data-track-product-component="mini-cart" data-auid="mini-cart-flyout" data-cruller="mini-cart-flyout"><div class="cart-empty-warning"><p class="text text--small6 text--left text--default-color cart-empty-warning cart-empty-warning--text" role="status" tabindex="0">Your cart is empty</p></div><div class="cart-summary"><div class="cart-summary__content"><div class="cart-summary__content__subtotal"><span class="cart-summary__content__subtotal__text">Subtotal: </span><span class="cart-summary__content__subtotal__value">$0.00</span></div><button class="checkout-button checkout-button--cart-summary checkout-button--disabled" data-auid="checkout-button" data-cruller="checkout-button" disabled="" aria-disabled="true">Checkout</button></div></div></div></div></div><button class="checkout-button checkout-button--menu-bar checkout-button--disabled" data-auid="checkout-button" data-cruller="checkout-button" disabled="" aria-disabled="true">Checkout</button></div></header></div></div></div><div class="site-layout__content" style="margin-top: 120px;"><main class="site-content" id="site-content"><div class="view-resolver-component"><div class="css-1bju4e2"><div role="region" class="css-1b2i814"><div class="splide splide--loop splide--ltr splide--draggable is-active is-overflow is-initialized" aria-label="Banners" extensions="[object Object]" id="splide01" role="region" aria-roledescription="carousel"><div class="splide__arrows splide__arrows--ltr"><button class="splide__arrow splide__arrow--prev" type="button" aria-label="Go to last slide" aria-controls="splide01-track"><svg xmlns="http://www.w3.org/2000/svg" viewBox="0 0 40 40" width="40" height="40" focusable="false"><path d="m15.5 0.932-4.3 4.38 14.5 14.6-14.5 14.5 4.3 4.4 14.6-14.6 4.4-4.3-4.4-4.4-14.6-14.6z"></path></svg></button><button class="splide__arrow splide__arrow--next" type="button" aria-label="Next slide" aria-controls="splide01-track"><svg xmlns="http://www.w3.org/2000/svg" viewBox="0 0 40 40" width="40" height="40" focusable="false"><path d="m15.5 0.932-4.3 4.38 14.5 14.6-14.5 14.5 4.3 4.4 14.6-14.6 4.4-4.3-4.4-4.4-14.6-14.6z"></path></svg></button></div><div class="splide__track splide__track--loop splide__track--ltr splide__track--draggable" id="splide01-track" style="padding-left: 0px; padding-right: 0px; transition: height 0.4s ease 0s; height: 300px;"><div class="splide__list" id="splide01-list" role="presentation" style="transform: translateX(-3840px); align-items: flex-start;"><div class="splide__slide splide__slide--clone" id="splide01-clone01" role="tabpanel" aria-roledescription="slide" aria-label="slide 3" style="width: calc(100%);" aria-hidden="true"><div class="banner-container css-cbh5df"><div class="chakra-container banner-wrapper css-362cmi" data-testid="section"><div class="banner-content css-ypslzb"><div class="badges-text-content css-k008qs"><div class="logo-text-content css-k008qs"><h2 class="chakra-text css-13is3q4" data-testid="banner-title">Shop Summer Essentials</h2><span class="chakra-text css-xstlix" data-testid="banner-body">Load up on everything you need to do summer right</span></div></div><div class="chakra-stack css-3p39qh"><a class="chakra-link promo-btn css-3qun7d" data-testid="banner-promo-button-0" href="/collection/summer-weekend-essentials?icid=gr_summer-weekend-essentials_hero_4_hp" tabindex="-1">Shop Now</a></div></div><div class="banner-media css-14bm7b5"><img alt="" src="https://dis-prod.assetful.loblaw.ca/content/dam/loblaw-companies-limited/creative-assets/grocery/2024/market/p6/market/summer-essentials/wk21-24_mkt_hero_filled_summer-essentials_b1_bil.png?imwidth=856" loading="lazy" class="chakra-image css-0" data-testid="banner-image" data-splide-lazy="https://dis-prod.assetful.loblaw.ca/content/dam/loblaw-companies-limited/creative-assets/grocery/2024/market/p6/market/summer-essentials/wk21-24_mkt_hero_filled_summer-essentials_b1_bil.png?imwidth=856"><span class="splide__spinner"></span></div></div></div></div><div class="splide__slide splide__slide--clone is-prev" id="splide01-clone02" role="tabpanel" aria-roledescription="slide" aria-label="slide 4" style="width: calc(100%);" aria-hidden="true"><div class="banner-container css-w40xjn"><div class="chakra-container banner-wrapper css-362cmi" data-testid="section"><div class="banner-content css-15tj1e7"><div class="badges-text-content css-k008qs"><div class="logo-text-content css-k008qs"><h2 class="chakra-text css-1np2plf" data-testid="banner-title">The Insiders Report™ summer edition</h2><span class="chakra-text css-12e2f3o" data-testid="banner-body">Get inspired and discover our PC® summer favourites.</span></div></div><div class="chakra-stack css-3p39qh"><a class="chakra-link promo-btn css-1iwjnnt" data-testid="banner-promo-button-0" href="/collection/summer-insiders?icid=gr_mkt_sir_hero_cta_4_hp" tabindex="-1">Shop Now</a><a class="chakra-link promo-btn css-1iwjnnt" data-testid="banner-promo-button-1" href="https://www.pcoptimum.ca/events/summer-insiders-report/sir-2024-emagazine?utm_source=other&amp;utm_medium=other&amp;utm_campaign=2024~05~16~marketing~external~controlbrands~pco-emag~pc~insidersreport~national~marketingtile~7002434-summerinsiders2024&amp;utm_content=6102246~pcx-marketbanners~market~aa&amp;utm_term=" tabindex="-1">Read More</a></div></div><div class="banner-media css-14bm7b5"><img alt="" src="https://dis-prod.assetful.loblaw.ca/content/dam/loblaw-companies-limited/creative-assets/grocery/2024/wk21/cs-12983-wk-21-to-wk28--p6-to-p7---sir-(market---fortinos)/full-collection/wk-28/wk25-28_mkt_web-hero-banner-filled_sir-2024_full-collection_b1_bil.jpg?imwidth=856" loading="lazy" class="chakra-image css-0" data-testid="banner-image"></div></div></div></div><div class="splide__slide is-active is-visible" id="splide01-slide01" role="tabpanel" aria-roledescription="slide" aria-label="slide 1" style="width: calc(100%);"><div class="banner-container css-1xweh7r"><div class="chakra-container banner-wrapper css-362cmi" data-testid="section"><div class="banner-content css-poo1mm"><div class="badges-text-content css-k008qs"><div class="logo-text-content css-k008qs"><p class="chakra-text css-ym2y5a" data-testid="banner-super-headline">Valid until July 31st</p><h2 class="chakra-text css-13is3q4" data-testid="banner-title">Hit of the Month </h2><span class="chakra-text css-xstlix" data-testid="banner-body">Get lower than low prices every month. Shop this month's deal.</span></div></div><div class="chakra-stack css-3p39qh"><a class="chakra-link promo-btn css-3qun7d" data-testid="banner-promo-button-0" href="/collection/hit-of-the-month?icid=gr_hit-of-the-month_hero_2_hp">Shop Now</a></div></div><div class="banner-media css-14bm7b5"><img alt="" src="https://dis-prod.assetful.loblaw.ca/content/dam/loblaw-companies-limited/creative-assets/grocery/2024/wk27/cs-12740_hotm_july/july-hotm_hero_filled_b1_en.png?imwidth=856" loading="lazy" class="chakra-image css-0" data-testid="banner-image"></div></div></div></div><div class="splide__slide is-next" id="splide01-slide02" role="tabpanel" aria-roledescription="slide" aria-label="slide 2" style="width: calc(100%);" aria-hidden="true"><div class="banner-container css-1idpu0u"><div class="chakra-container banner-wrapper css-362cmi" data-testid="section"><div class="banner-content css-2ouyxo"><div class="badges-text-content css-k008qs"><div class="logo-text-content css-k008qs"><h2 class="chakra-text css-13is3q4" data-testid="banner-title">Fresh Summer Produce</h2><span class="chakra-text css-xstlix" data-testid="banner-body">Jump into flavour with fresh seasonal produce</span></div></div><div class="chakra-stack css-3p39qh"><a class="chakra-link promo-btn css-xgrybd" data-testid="banner-promo-button-0" href="/collection/inseason-produce?icid=gr_in-season-produce_hero_4_hp" tabindex="-1">Shop Now</a></div></div><div class="banner-media css-14bm7b5"><img alt="" src="https://dis-prod.assetful.loblaw.ca/content/dam/loblaw-companies-limited/creative-assets/grocery/2024/wk25/cs-13059_mkt_p7-assets/inseason-produce/collection-hero/wk25_mkt_collection-hero_in-season-produce_b1_bil.png?imwidth=856" loading="lazy" class="chakra-image css-0" data-testid="banner-image"></div></div></div></div><div class="splide__slide" id="splide01-slide03" role="tabpanel" aria-roledescription="slide" aria-label="slide 3" style="width: calc(100%);" aria-hidden="true"><div class="banner-container css-cbh5df"><div class="chakra-container banner-wrapper css-362cmi" data-testid="section"><div class="banner-content css-ypslzb"><div class="badges-text-content css-k008qs"><div class="logo-text-content css-k008qs"><h2 class="chakra-text css-13is3q4" data-testid="banner-title">Shop Summer Essentials</h2><span class="chakra-text css-xstlix" data-testid="banner-body">Load up on everything you need to do summer right</span></div></div><div class="chakra-stack css-3p39qh"><a class="chakra-link promo-btn css-3qun7d" data-testid="banner-promo-button-0" href="/collection/summer-weekend-essentials?icid=gr_summer-weekend-essentials_hero_4_hp" tabindex="-1">Shop Now</a></div></div><div class="banner-media css-14bm7b5"><img alt="" src="https://dis-prod.assetful.loblaw.ca/content/dam/loblaw-companies-limited/creative-assets/grocery/2024/market/p6/market/summer-essentials/wk21-24_mkt_hero_filled_summer-essentials_b1_bil.png?imwidth=856" loading="lazy" class="chakra-image css-0" data-testid="banner-image" data-splide-lazy="https://dis-prod.assetful.loblaw.ca/content/dam/loblaw-companies-limited/creative-assets/grocery/2024/market/p6/market/summer-essentials/wk21-24_mkt_hero_filled_summer-essentials_b1_bil.png?imwidth=856"><span class="splide__spinner"></span></div></div></div></div><div class="splide__slide" id="splide01-slide04" role="tabpanel" aria-roledescription="slide" aria-label="slide 4" style="width: calc(100%);" aria-hidden="true"><div class="banner-container css-w40xjn"><div class="chakra-container banner-wrapper css-362cmi" data-testid="section"><div class="banner-content css-15tj1e7"><div class="badges-text-content css-k008qs"><div class="logo-text-content css-k008qs"><h2 class="chakra-text css-1np2plf" data-testid="banner-title">The Insiders Report™ summer edition</h2><span class="chakra-text css-12e2f3o" data-testid="banner-body">Get inspired and discover our PC® summer favourites.</span></div></div><div class="chakra-stack css-3p39qh"><a class="chakra-link promo-btn css-1iwjnnt" data-testid="banner-promo-button-0" href="/collection/summer-insiders?icid=gr_mkt_sir_hero_cta_4_hp" tabindex="-1">Shop Now</a><a class="chakra-link promo-btn css-1iwjnnt" data-testid="banner-promo-button-1" href="https://www.pcoptimum.ca/events/summer-insiders-report/sir-2024-emagazine?utm_source=other&amp;utm_medium=other&amp;utm_campaign=2024~05~16~marketing~external~controlbrands~pco-emag~pc~insidersreport~national~marketingtile~7002434-summerinsiders2024&amp;utm_content=6102246~pcx-marketbanners~market~aa&amp;utm_term=" tabindex="-1">Read More</a></div></div><div class="banner-media css-14bm7b5"><img alt="" src="https://dis-prod.assetful.loblaw.ca/content/dam/loblaw-companies-limited/creative-assets/grocery/2024/wk21/cs-12983-wk-21-to-wk28--p6-to-p7---sir-(market---fortinos)/full-collection/wk-28/wk25-28_mkt_web-hero-banner-filled_sir-2024_full-collection_b1_bil.jpg?imwidth=856" loading="lazy" class="chakra-image css-0" data-testid="banner-image"></div></div></div></div><div class="splide__slide splide__slide--clone is-active" id="splide01-clone03" role="tabpanel" aria-roledescription="slide" aria-label="slide 1" style="width: calc(100%);" aria-hidden="true"><div class="banner-container css-1xweh7r"><div class="chakra-container banner-wrapper css-362cmi" data-testid="section"><div class="banner-content css-poo1mm"><div class="badges-text-content css-k008qs"><div class="logo-text-content css-k008qs"><p class="chakra-text css-ym2y5a" data-testid="banner-super-headline">Valid until July 31st</p><h2 class="chakra-text css-13is3q4" data-testid="banner-title">Hit of the Month </h2><span class="chakra-text css-xstlix" data-testid="banner-body">Get lower than low prices every month. Shop this month's deal.</span></div></div><div class="chakra-stack css-3p39qh"><a class="chakra-link promo-btn css-3qun7d" data-testid="banner-promo-button-0" href="/collection/hit-of-the-month?icid=gr_hit-of-the-month_hero_2_hp" tabindex="-1">Shop Now</a></div></div><div class="banner-media css-14bm7b5"><img alt="" src="https://dis-prod.assetful.loblaw.ca/content/dam/loblaw-companies-limited/creative-assets/grocery/2024/wk27/cs-12740_hotm_july/july-hotm_hero_filled_b1_en.png?imwidth=856" loading="lazy" class="chakra-image css-0" data-testid="banner-image" data-splide-lazy="https://dis-prod.assetful.loblaw.ca/content/dam/loblaw-companies-limited/creative-assets/grocery/2024/wk27/cs-12740_hotm_july/july-hotm_hero_filled_b1_en.png?imwidth=856"><span class="splide__spinner"></span></div></div></div></div><div class="splide__slide splide__slide--clone" id="splide01-clone04" role="tabpanel" aria-roledescription="slide" aria-label="slide 2" style="width: calc(100%);" aria-hidden="true"><div class="banner-container css-1idpu0u"><div class="chakra-container banner-wrapper css-362cmi" data-testid="section"><div class="banner-content css-2ouyxo"><div class="badges-text-content css-k008qs"><div class="logo-text-content css-k008qs"><h2 class="chakra-text css-13is3q4" data-testid="banner-title">Fresh Summer Produce</h2><span class="chakra-text css-xstlix" data-testid="banner-body">Jump into flavour with fresh seasonal produce</span></div></div><div class="chakra-stack css-3p39qh"><a class="chakra-link promo-btn css-xgrybd" data-testid="banner-promo-button-0" href="/collection/inseason-produce?icid=gr_in-season-produce_hero_4_hp" tabindex="-1">Shop Now</a></div></div><div class="banner-media css-14bm7b5"><img alt="" src="https://dis-prod.assetful.loblaw.ca/content/dam/loblaw-companies-limited/creative-assets/grocery/2024/wk25/cs-13059_mkt_p7-assets/inseason-produce/collection-hero/wk25_mkt_collection-hero_in-season-produce_b1_bil.png?imwidth=856" loading="lazy" class="chakra-image css-0" data-testid="banner-image" data-splide-lazy="https://dis-prod.assetful.loblaw.ca/content/dam/loblaw-companies-limited/creative-assets/grocery/2024/wk25/cs-13059_mkt_p7-assets/inseason-produce/collection-hero/wk25_mkt_collection-hero_in-season-produce_b1_bil.png?imwidth=856"><span class="splide__spinner"></span></div></div></div></div></div></div><div class="bullet-wrapper"><ul class="splide__pagination splide__pagination--ltr" role="tablist" aria-label="Select a slide to show"><li role="presentation"><button class="splide__pagination__page is-active" type="button" role="tab" aria-controls="splide01-slide01" aria-label="Go to slide 1" aria-selected="true"></button></li><li role="presentation"><button class="splide__pagination__page" type="button" role="tab" aria-controls="splide01-slide02" aria-label="Go to slide 2" tabindex="-1"></button></li><li role="presentation"><button class="splide__pagination__page" type="button" role="tab" aria-controls="splide01-slide03" aria-label="Go to slide 3" tabindex="-1"></button></li><li role="presentation"><button class="splide__pagination__page" type="button" role="tab" aria-controls="splide01-slide04" aria-label="Go to slide 4" tabindex="-1"></button></li></ul></div></div></div></div><div class="css-1bju4e2"><div role="region" class="css-1b2i814"><div class="splide splide--loop splide--ltr splide--draggable is-active is-overflow is-initialized" aria-label="Banners" extensions="[object Object]" id="splide02" role="region" aria-roledescription="carousel"><div class="splide__arrows splide__arrows--ltr"><button class="splide__arrow splide__arrow--prev" type="button" aria-label="Go to last slide" aria-controls="splide02-track"><svg xmlns="http://www.w3.org/2000/svg" viewBox="0 0 40 40" width="40" height="40" focusable="false"><path d="m15.5 0.932-4.3 4.38 14.5 14.6-14.5 14.5 4.3 4.4 14.6-14.6 4.4-4.3-4.4-4.4-14.6-14.6z"></path></svg></button><button class="splide__arrow splide__arrow--next" type="button" aria-label="Next slide" aria-controls="splide02-track"><svg xmlns="http://www.w3.org/2000/svg" viewBox="0 0 40 40" width="40" height="40" focusable="false"><path d="m15.5 0.932-4.3 4.38 14.5 14.6-14.5 14.5 4.3 4.4 14.6-14.6 4.4-4.3-4.4-4.4-14.6-14.6z"></path></svg></button></div><div class="splide__track splide__track--loop splide__track--ltr splide__track--draggable" id="splide02-track" style="padding-left: 0px; padding-right: 0px; transition: height 0.4s ease 0s; height: 300px;"><div class="splide__list" id="splide02-list" role="presentation" style="transform: translateX(-3840px); align-items: flex-start;"><div class="splide__slide splide__slide--clone" id="splide02-clone01" role="tabpanel" aria-roledescription="slide" aria-label="slide 2" style="width: calc(100%);" aria-hidden="true"><div class="banner-container css-gd9xg4"><div class="chakra-container banner-wrapper css-362cmi" data-testid="section"><div class="banner-content css-69m4e"><div class="badges-text-content css-k008qs"><div class="logo-text-content css-k008qs"><h2 class="chakra-text css-1np2plf" data-testid="banner-title">Discover More Value</h2><span class="chakra-text css-12e2f3o" data-testid="banner-body">Fill your PC Express cart with our latest deals</span></div></div><div class="chakra-stack css-3p39qh"><a class="chakra-link promo-btn css-3qun7d" data-testid="banner-promo-button-0" href="/collection/all-offers-deals?icid=gr_mkt_all-offers-deals_hero_cta_3_hp" tabindex="-1">Shop Now</a></div></div><div class="banner-media css-14bm7b5"><img alt="" src="https://dis-prod.assetful.loblaw.ca/content/dam/loblaw-companies-limited/creative-assets/grocery/2024/market/p8/weekly_banner/wk30-32-24_mkt_collection-hero_weekly-flyer_b1_bil.png?imwidth=856" loading="lazy" class="chakra-image css-0" data-testid="banner-image" data-splide-lazy="https://dis-prod.assetful.loblaw.ca/content/dam/loblaw-companies-limited/creative-assets/grocery/2024/market/p8/weekly_banner/wk30-32-24_mkt_collection-hero_weekly-flyer_b1_bil.png?imwidth=856"><span class="splide__spinner"></span></div></div></div></div><div class="splide__slide splide__slide--clone is-prev" id="splide02-clone02" role="tabpanel" aria-roledescription="slide" aria-label="slide 3" style="width: calc(100%);" aria-hidden="true"><div class="banner-container css-w40xjn"><div class="chakra-container banner-wrapper css-362cmi" data-testid="section"><div class="banner-content css-15tj1e7"><div class="badges-text-content css-k008qs"><div class="logo-text-content css-k008qs"><h2 class="chakra-text css-1np2plf" data-testid="banner-title">Your Perfect Summer BBQ</h2><span class="chakra-text css-12e2f3o" data-testid="banner-body">Everything you need for the ultimate cookout, from grilling essentials to tasty sides</span></div></div><div class="chakra-stack css-3p39qh"><a class="chakra-link promo-btn css-1iwjnnt" data-testid="banner-promo-button-0" href="/collection/grilling?icid=gr_mkt_grilling_hero_cta_4_hp" tabindex="-1">Shop Now</a></div></div><div class="banner-media css-14bm7b5"><img alt="" src="https://dis-prod.assetful.loblaw.ca/content/dam/loblaw-companies-limited/creative-assets/grocery/2024/market/p8/grilling/hero-banner/wk29-32_mkt_web-hero-banner-filled_grilling_b1_bil.jpg?imwidth=856" loading="lazy" class="chakra-image css-0" data-testid="banner-image"></div></div></div></div><div class="splide__slide is-active is-visible" id="splide02-slide01" role="tabpanel" aria-roledescription="slide" aria-label="slide 1" style="width: calc(100%);"><div class="banner-container css-1jud9kq"><div class="chakra-container banner-wrapper css-362cmi" data-testid="section"><div class="banner-content css-gnis2q"><div class="badges-text-content css-k008qs"><div class="logo-text-content css-k008qs"><h2 class="chakra-text css-13is3q4" data-testid="banner-title">just low prices. (so switch)</h2><span class="chakra-text css-xstlix" data-testid="banner-body">low prices, more value. switch to no name®.</span></div></div><div class="chakra-stack css-3p39qh"><a class="chakra-link promo-btn css-3qun7d" data-testid="banner-promo-button-0" href="/collection/no-name?icid=gr_no-name_hero_1_hp">shop no name®</a></div></div><div class="banner-media css-14bm7b5"><img alt="" src="https://dis-prod.assetful.loblaw.ca/content/dam/loblaw-companies-limited/creative-assets/grocery/2024/market/p8/no_name/web-hero-filled/wk29_mkt_web-hero-filled_noname_b1_en.png?imwidth=856" loading="lazy" class="chakra-image css-0" data-testid="banner-image"></div></div></div></div><div class="splide__slide is-next" id="splide02-slide02" role="tabpanel" aria-roledescription="slide" aria-label="slide 2" style="width: calc(100%);" aria-hidden="true"><div class="banner-container css-gd9xg4"><div class="chakra-container banner-wrapper css-362cmi" data-testid="section"><div class="banner-content css-69m4e"><div class="badges-text-content css-k008qs"><div class="logo-text-content css-k008qs"><h2 class="chakra-text css-1np2plf" data-testid="banner-title">Discover More Value</h2><span class="chakra-text css-12e2f3o" data-testid="banner-body">Fill your PC Express cart with our latest deals</span></div></div><div class="chakra-stack css-3p39qh"><a class="chakra-link promo-btn css-3qun7d" data-testid="banner-promo-button-0" href="/collection/all-offers-deals?icid=gr_mkt_all-offers-deals_hero_cta_3_hp" tabindex="-1">Shop Now</a></div></div><div class="banner-media css-14bm7b5"><img alt="" src="https://dis-prod.assetful.loblaw.ca/content/dam/loblaw-companies-limited/creative-assets/grocery/2024/market/p8/weekly_banner/wk30-32-24_mkt_collection-hero_weekly-flyer_b1_bil.png?imwidth=856" loading="lazy" class="chakra-image css-0" data-testid="banner-image"></div></div></div></div><div class="splide__slide" id="splide02-slide03" role="tabpanel" aria-roledescription="slide" aria-label="slide 3" style="width: calc(100%);" aria-hidden="true"><div class="banner-container css-w40xjn"><div class="chakra-container banner-wrapper css-362cmi" data-testid="section"><div class="banner-content css-15tj1e7"><div class="badges-text-content css-k008qs"><div class="logo-text-content css-k008qs"><h2 class="chakra-text css-1np2plf" data-testid="banner-title">Your Perfect Summer BBQ</h2><span class="chakra-text css-12e2f3o" data-testid="banner-body">Everything you need for the ultimate cookout, from grilling essentials to tasty sides</span></div></div><div class="chakra-stack css-3p39qh"><a class="chakra-link promo-btn css-1iwjnnt" data-testid="banner-promo-button-0" href="/collection/grilling?icid=gr_mkt_grilling_hero_cta_4_hp" tabindex="-1">Shop Now</a></div></div><div class="banner-media css-14bm7b5"><img alt="" src="https://dis-prod.assetful.loblaw.ca/content/dam/loblaw-companies-limited/creative-assets/grocery/2024/market/p8/grilling/hero-banner/wk29-32_mkt_web-hero-banner-filled_grilling_b1_bil.jpg?imwidth=856" loading="lazy" class="chakra-image css-0" data-testid="banner-image"></div></div></div></div><div class="splide__slide splide__slide--clone is-active" id="splide02-clone03" role="tabpanel" aria-roledescription="slide" aria-label="slide 1" style="width: calc(100%);" aria-hidden="true"><div class="banner-container css-1jud9kq"><div class="chakra-container banner-wrapper css-362cmi" data-testid="section"><div class="banner-content css-gnis2q"><div class="badges-text-content css-k008qs"><div class="logo-text-content css-k008qs"><h2 class="chakra-text css-13is3q4" data-testid="banner-title">just low prices. (so switch)</h2><span class="chakra-text css-xstlix" data-testid="banner-body">low prices, more value. switch to no name®.</span></div></div><div class="chakra-stack css-3p39qh"><a class="chakra-link promo-btn css-3qun7d" data-testid="banner-promo-button-0" href="/collection/no-name?icid=gr_no-name_hero_1_hp" tabindex="-1">shop no name®</a></div></div><div class="banner-media css-14bm7b5"><img alt="" src="https://dis-prod.assetful.loblaw.ca/content/dam/loblaw-companies-limited/creative-assets/grocery/2024/market/p8/no_name/web-hero-filled/wk29_mkt_web-hero-filled_noname_b1_en.png?imwidth=856" loading="lazy" class="chakra-image css-0" data-testid="banner-image" data-splide-lazy="https://dis-prod.assetful.loblaw.ca/content/dam/loblaw-companies-limited/creative-assets/grocery/2024/market/p8/no_name/web-hero-filled/wk29_mkt_web-hero-filled_noname_b1_en.png?imwidth=856"><span class="splide__spinner"></span></div></div></div></div><div class="splide__slide splide__slide--clone" id="splide02-clone04" role="tabpanel" aria-roledescription="slide" aria-label="slide 2" style="width: calc(100%);" aria-hidden="true"><div class="banner-container css-gd9xg4"><div class="chakra-container banner-wrapper css-362cmi" data-testid="section"><div class="banner-content css-69m4e"><div class="badges-text-content css-k008qs"><div class="logo-text-content css-k008qs"><h2 class="chakra-text css-1np2plf" data-testid="banner-title">Discover More Value</h2><span class="chakra-text css-12e2f3o" data-testid="banner-body">Fill your PC Express cart with our latest deals</span></div></div><div class="chakra-stack css-3p39qh"><a class="chakra-link promo-btn css-3qun7d" data-testid="banner-promo-button-0" href="/collection/all-offers-deals?icid=gr_mkt_all-offers-deals_hero_cta_3_hp" tabindex="-1">Shop Now</a></div></div><div class="banner-media css-14bm7b5"><img alt="" src="https://dis-prod.assetful.loblaw.ca/content/dam/loblaw-companies-limited/creative-assets/grocery/2024/market/p8/weekly_banner/wk30-32-24_mkt_collection-hero_weekly-flyer_b1_bil.png?imwidth=856" loading="lazy" class="chakra-image css-0" data-testid="banner-image" data-splide-lazy="https://dis-prod.assetful.loblaw.ca/content/dam/loblaw-companies-limited/creative-assets/grocery/2024/market/p8/weekly_banner/wk30-32-24_mkt_collection-hero_weekly-flyer_b1_bil.png?imwidth=856"><span class="splide__spinner"></span></div></div></div></div></div></div><div class="bullet-wrapper"><ul class="splide__pagination splide__pagination--ltr" role="tablist" aria-label="Select a slide to show"><li role="presentation"><button class="splide__pagination__page is-active" type="button" role="tab" aria-controls="splide02-slide01" aria-label="Go to slide 1" aria-selected="true"></button></li><li role="presentation"><button class="splide__pagination__page" type="button" role="tab" aria-controls="splide02-slide02" aria-label="Go to slide 2" tabindex="-1"></button></li><li role="presentation"><button class="splide__pagination__page" type="button" role="tab" aria-controls="splide02-slide03" aria-label="Go to slide 3" tabindex="-1"></button></li></ul></div></div></div></div><span id="__chakra_env" hidden=""></span></div><div class="page-layout page-layout--contentful-page contentful-page cms-homepage"><div class="contentful-page__content"></div></div><div class="view-resolver-component"><div class="chakra-container css-1yvva6b" data-testid="vertical-feature-cards"><div class="css-0"><a class="chakra-link css-14qfziv" href="#:rd:">skip a11ySection</a><div data-testid="scroller" class="css-10cksfv"><div class="indiana-scroll-container"><ul data-testid="feature-card-scroller" class="css-1lp5ovw"><li class="css-18f0hmm"><div data-testid="card" class="css-1u3io9a"><div data-testid="card-media" class="css-12n9na5"><div class="chakra-aspect-ratio css-o4977x"><img alt="" src="https://dis-prod.assetful.loblaw.ca/content/dam/loblaw-companies-limited/creative-assets/grocery/2024/wk22/cs12740_discount_june-hotm/vertical-tile/june1-30_nf_tile-carousel_HOTM_en.png" loading="lazy" class="chakra-image css-o3ihhy" data-testid="feature-card-image"></div></div><div data-testid="card-content" class="css-si7j2x"><div class="css-1eia38w"><div class="css-1dk1fk9"><h3 class="chakra-text css-133hkvi" data-testid="feature-card-title">Hit Of The Month</h3><p class="chakra-text css-1ez1pmk" data-testid="feature-card-content">Get lower than low prices every month. Don't miss this month's deal.</p></div><div class="css-gmy0so"><a class="chakra-link css-ngsgsm" data-testid="feature-card-cta" href="/collection/hit-of-the-month?icid=gr_hit-of-the-month_hero_2_hp">Shop now</a></div></div></div></div></li><li class="css-18f0hmm"><div data-testid="card" class="css-1u3io9a"><div data-testid="card-media" class="css-12n9na5"><div class="chakra-aspect-ratio css-o4977x"><img alt="" src="https://dis-prod.assetful.loblaw.ca/content/dam/loblaw-companies-limited/creative-assets/grocery/2024/market/p8/from_your_farmers/wk29-32_division_tile-carousel_from-your-farmers_bil.jpg" loading="lazy" class="chakra-image css-o3ihhy" data-testid="feature-card-image"></div></div><div data-testid="card-content" class="css-si7j2x"><div class="css-1eia38w"><div class="css-1dk1fk9"><h3 class="chakra-text css-133hkvi" data-testid="feature-card-title">From Your Farmers</h3><p class="chakra-text css-1ez1pmk" data-testid="feature-card-content">Support local farms and shop fresh, locally-grown produce today</p></div><div class="css-gmy0so"><a class="chakra-link css-ngsgsm" data-testid="feature-card-cta" href="/collection/inseason-produce?icid=gr_mkt_from-your-farmers_hero_cta_2_hp">Shop Now</a></div></div></div></div></li><li class="css-18f0hmm"><div data-testid="card" class="css-1u3io9a"><div data-testid="card-media" class="css-12n9na5"><div class="chakra-aspect-ratio css-o4977x"><img alt="" src="https://dis-prod.assetful.loblaw.ca/content/dam/loblaw-companies-limited/creative-assets/grocery/2024/wk9/cs-12750---q1'24-ao-regional-offers/wk09_pcx_cta-banner_AO-Regional-Offers_bil_1x.png" loading="lazy" class="chakra-image css-o3ihhy" data-testid="feature-card-image"></div></div><div data-testid="card-content" class="css-9amrng"><div class="css-1eia38w"><div class="css-1dk1fk9"><h3 class="chakra-text css-133hkvi" data-testid="feature-card-title">Unlock $59.97 in value! </h3><p class="chakra-text css-1ez1pmk" data-testid="feature-card-content">Get $30 in PC Optimum™ points and 3 months of FREE delivery and pickup (valued at $29.97) with your first PC Express order of $100 or more. Use code *CA2024 at checkout.</p></div><div class="css-gmy0so"></div></div></div></div></li><li class="css-18f0hmm"><div data-testid="card" class="css-1u3io9a"><div data-testid="card-media" class="css-12n9na5"><div class="chakra-aspect-ratio css-o4977x"><img alt="" src="https://dis-prod.assetful.loblaw.ca/content/dam/loblaw-companies-limited/creative-assets/grocery/2024/market/p6/market/weekly-flyer/wk21-24_mkt_tile-carousel_weekly-flyer_bil.jpg" loading="lazy" class="chakra-image css-o3ihhy" data-testid="feature-card-image"></div></div><div data-testid="card-content" class="css-si7j2x"><div class="css-1eia38w"><div class="css-1dk1fk9"><h3 class="chakra-text css-133hkvi" data-testid="feature-card-title">Discover More Value</h3><p class="chakra-text css-1ez1pmk" data-testid="feature-card-content">Fill your PC Express cart with our latest deals  </p></div><div class="css-gmy0so"><a class="chakra-link css-ngsgsm" data-testid="feature-card-cta" href="/collection/all-offers-deals?icid=gr_discover%20more%20value_verticaltile_4_hp">Shop all </a></div></div></div></div></li><li class="css-18f0hmm"><div data-testid="card" class="css-1u3io9a"><div data-testid="card-media" class="css-12n9na5"><div class="chakra-aspect-ratio css-o4977x"><img alt="" src="https://dis-prod.assetful.loblaw.ca/content/dam/loblaw-companies-limited/creative-assets/grocery/2024/wk29/cs-13098_discount_onlineoffers/rcss/wk29-30_rcss_tile-carousel_discount-online-offers_ziggy's-new_bil.png" loading="lazy" class="chakra-image css-o3ihhy" data-testid="feature-card-image"></div></div><div data-testid="card-content" class="css-si7j2x"><div class="css-1eia38w"><div class="css-1dk1fk9"><h3 class="chakra-text css-133hkvi" data-testid="feature-card-title">Get 5,000 points</h3><p class="chakra-text css-1ez1pmk" data-testid="feature-card-content">when you spend $15 on Ziggy's deli meat using code ZIGGY</p></div><div class="css-gmy0so"><a class="chakra-link css-ngsgsm" data-testid="feature-card-cta" href="/collection/online-offers?icid=gr_deli%20offer_verticaltile_5_hp">Shop all </a></div></div></div></div></li><li class="css-18f0hmm"><div data-testid="card" class="css-1u3io9a"><div data-testid="card-media" class="css-12n9na5"><div class="chakra-aspect-ratio css-o4977x"><img alt="" src="https://dis-prod.assetful.loblaw.ca/content/dam/loblaw-companies-limited/creative-assets/grocery/2024/wk20/cs-12908_discount_summerbbq_beerandwine/wk20-21_rcss_tile-carousel_summer-bbq-beer-wine-long-wknd_bil.jpg" loading="lazy" class="chakra-image css-o3ihhy" data-testid="feature-card-image"></div></div><div data-testid="card-content" class="css-si7j2x"><div class="css-1eia38w"><div class="css-1dk1fk9"><h3 class="chakra-text css-133hkvi" data-testid="feature-card-title">Brewtiful Refreshments</h3><p class="chakra-text css-1ez1pmk" data-testid="feature-card-content">Shop Beer, Wine and Cider</p></div><div class="css-gmy0so"><a class="chakra-link css-ngsgsm" data-testid="feature-card-cta" href="/food/beer-and-wine/c/28236?icid=gr_beer-and-wine_verticaltile_4_hp">Shop now</a></div></div></div></div></li></ul></div></div><div id=":rd:" class="css-0"> </div></div></div><div class="chakra-container css-1yvva6b" data-testid="section"><div class="css-147ar3n"><div class="css-2imjyh"></div><div class="css-owofrc"><div class="css-1pzcvyn"><div class="css-1pzcvyn"><h2 class="chakra-heading css-1thmpx" data-testid="heading">Start shopping</h2></div></div></div><div class="css-1c6aozh"><p class="chakra-text css-1na1tkp" data-testid="sub-heading">Get started shopping with these items</p></div></div><div data-testid="mini-product-tile-carousel-header" class="css-0"></div><a class="chakra-link css-14qfziv" href="#:rk:">Skip Start shopping</a><div data-testid="mini-product-tile-carousel-scroller" class="css-10cksfv"><div class="indiana-scroll-container"><ul data-testid="mini-product-tile-carousel-grid" class="css-1903yhk"><li class="css-0"><div class="chakra-linkbox css-10n1vic"><div class="css-1wtvlx1"><div data-testid="product-image" class="css-1ilyd09"><img alt="M'AQUA Mojito Cocktail Flavoured Sparkling Water" src="https://assets.shop.loblaws.ca/products/21590669/b1/en/front/21590669_front_a07.png" loading="lazy" class="chakra-image css-1r75va2" aria-hidden="true"></div><div class="css-zg1vud"><a href="/m-aqua-mojito-cocktail-flavoured-sparkling-water/p/21590669_C06" class="chakra-linkbox__overlay css-4i2qqf"><div class="css-l768tc"><div class="css-0"><h3 class="chakra-heading css-h0x1ij" id="21590669_C06" data-testid="product-title">M'AQUA Mojito Cocktail Flavoured Sparkling Water</h3></div><div data-testid="product-price" class="css-8atqhb"><p class="chakra-text css-0"><span class="chakra-text css-pwnbcb" data-testid="regular-price"><span class="css-idkz9h">$6.29</span>$6.29</span></p></div></div></a></div><div class="css-1dtig0a"><div id="atc-container" class="css-fpf731"><div data-testid="atc-compact" class="css-y94ivq" style="width: 45px;"><button type="button" class="chakra-button css-mudsm6" data-testid="atc-button"><svg stroke="currentColor" fill="currentColor" stroke-width="0" viewBox="0 0 24 24" focusable="false" class="chakra-icon css-1g3sp7a" data-testid="btn-icon" aria-hidden="true" height="1em" width="1em" xmlns="http://www.w3.org/2000/svg"><path d="M19 13h-6v6h-2v-6H5v-2h6V5h2v6h6v2z"></path></svg><span class="css-idkz9h">Add M'AQUA Mojito Cocktail Flavoured Sparkling Water to cart</span></button></div></div><div class="css-lql7q2"><div class="css-4saf4a"><p class="chakra-text css-py8788" data-testid="inventory-badge-text">Low Stock</p></div></div></div></div></div></li><li class="css-0"><div class="chakra-linkbox css-10n1vic"><div class="css-1wtvlx1"><div data-testid="product-image" class="css-1ilyd09"><img alt="Pork Belly Burnt Ends" src="https://assets.shop.loblaws.ca/products/21565531/b1/en/front/21565531_front_a07.png" loading="lazy" class="chakra-image css-1r75va2" aria-hidden="true"></div><div class="css-zg1vud"><a href="/pork-belly-burnt-ends/p/21565531_EA" class="chakra-linkbox__overlay css-4i2qqf"><div class="css-l768tc"><div class="css-0"><h3 class="chakra-heading css-h0x1ij" id="21565531_EA" data-testid="product-title">Pork Belly Burnt Ends</h3></div><div data-testid="product-price" class="css-8atqhb"><p class="chakra-text css-0"><span class="chakra-text css-pwnbcb" data-testid="regular-price"><span class="css-idkz9h">$16.99</span>$16.99</span></p></div></div></a></div><div class="css-1dtig0a"><div id="atc-container" class="css-fpf731"><div data-testid="atc-compact" class="css-y94ivq" style="width: 45px;"><button type="button" class="chakra-button css-mudsm6" data-testid="atc-button"><svg stroke="currentColor" fill="currentColor" stroke-width="0" viewBox="0 0 24 24" focusable="false" class="chakra-icon css-1g3sp7a" data-testid="btn-icon" aria-hidden="true" height="1em" width="1em" xmlns="http://www.w3.org/2000/svg"><path d="M19 13h-6v6h-2v-6H5v-2h6V5h2v6h6v2z"></path></svg><span class="css-idkz9h">Add Pork Belly Burnt Ends to cart</span></button></div></div></div></div></div></li><li class="css-0"><div class="chakra-linkbox css-10n1vic"><div class="css-1wtvlx1"><div data-testid="product-image" class="css-1ilyd09"><img alt="Cheese Frusta" src="https://assets.shop.loblaws.ca/products/21549514/b1/en/front/21549514_front_a07.png" loading="lazy" class="chakra-image css-1r75va2" aria-hidden="true"></div><div class="css-zg1vud"><a href="/cheese-frusta/p/21549514_EA" class="chakra-linkbox__overlay css-4i2qqf"><div class="css-l768tc"><div class="css-0"><h3 class="chakra-heading css-h0x1ij" id="21549514_EA" data-testid="product-title">Cheese Frusta</h3></div><div data-testid="product-price" class="css-8atqhb"><p class="chakra-text css-0"><span class="chakra-text css-pwnbcb" data-testid="regular-price"><span class="css-idkz9h">$6.00</span>$6.00</span></p></div></div></a></div><div class="css-1dtig0a"><div id="atc-container" class="css-fpf731"><div data-testid="atc-compact" class="css-y94ivq" style="width: 45px;"><button type="button" class="chakra-button css-mudsm6" data-testid="atc-button"><svg stroke="currentColor" fill="currentColor" stroke-width="0" viewBox="0 0 24 24" focusable="false" class="chakra-icon css-1g3sp7a" data-testid="btn-icon" aria-hidden="true" height="1em" width="1em" xmlns="http://www.w3.org/2000/svg"><path d="M19 13h-6v6h-2v-6H5v-2h6V5h2v6h6v2z"></path></svg><span class="css-idkz9h">Add Cheese Frusta to cart</span></button></div></div></div></div></div></li><li class="css-0"><div class="chakra-linkbox css-10n1vic"><div class="css-1wtvlx1"><div data-testid="product-image" class="css-1ilyd09"><img alt="Chicken Bun Cha" src="https://assets.shop.loblaws.ca/products/21565869/b1/en/front/21565869_front_a07.png" loading="lazy" class="chakra-image css-1r75va2" aria-hidden="true"></div><div class="css-zg1vud"><a href="/chicken-bun-cha/p/21565869_EA" class="chakra-linkbox__overlay css-4i2qqf"><div class="css-l768tc"><div class="css-0"><h3 class="chakra-heading css-h0x1ij" id="21565869_EA" data-testid="product-title">Chicken Bun Cha</h3></div><div data-testid="product-price" class="css-8atqhb"><p class="chakra-text css-0"><span class="chakra-text css-pwnbcb" data-testid="regular-price"><span class="css-idkz9h">$5.00</span>$5.00</span></p></div></div></a></div><div class="css-1dtig0a"><div id="atc-container" class="css-fpf731"><div data-testid="atc-compact" class="css-y94ivq" style="width: 45px;"><button type="button" class="chakra-button css-mudsm6" data-testid="atc-button"><svg stroke="currentColor" fill="currentColor" stroke-width="0" viewBox="0 0 24 24" focusable="false" class="chakra-icon css-1g3sp7a" data-testid="btn-icon" aria-hidden="true" height="1em" width="1em" xmlns="http://www.w3.org/2000/svg"><path d="M19 13h-6v6h-2v-6H5v-2h6V5h2v6h6v2z"></path></svg><span class="css-idkz9h">Add Chicken Bun Cha to cart</span></button></div></div></div></div></div></li><li class="css-0"><div class="chakra-linkbox css-10n1vic"><div class="css-1wtvlx1"><div data-testid="product-image" class="css-1ilyd09"><img alt="Cinnamon Sugar Pineapple Skewers" src="https://assets.shop.loblaws.ca/products/21560146/b1/en/front/21560146_front_a07.png" loading="lazy" class="chakra-image css-1r75va2" aria-hidden="true"></div><div class="css-zg1vud"><a href="/cinnamon-sugar-pineapple-skewers/p/21560146_EA" class="chakra-linkbox__overlay css-4i2qqf"><div class="css-l768tc"><div class="css-0"><h3 class="chakra-heading css-h0x1ij" id="21560146_EA" data-testid="product-title">Cinnamon Sugar Pineapple Skewers</h3></div><div data-testid="product-price" class="css-8atqhb"><p class="chakra-text css-0"></p></div></div></a></div><div class="css-1dtig0a"><div id="atc-container" class="css-fpf731"><div data-testid="atc-compact" class="css-y94ivq" style="width: 45px;"><button type="button" class="chakra-button css-mudsm6" data-testid="atc-button"><svg stroke="currentColor" fill="currentColor" stroke-width="0" viewBox="0 0 24 24" focusable="false" class="chakra-icon css-1g3sp7a" data-testid="btn-icon" aria-hidden="true" height="1em" width="1em" xmlns="http://www.w3.org/2000/svg"><path d="M19 13h-6v6h-2v-6H5v-2h6V5h2v6h6v2z"></path></svg><span class="css-idkz9h">Add Cinnamon Sugar Pineapple Skewers to cart</span></button></div></div></div></div></div></li><li class="css-0"><div class="chakra-linkbox css-10n1vic"><div class="css-1wtvlx1"><div data-testid="product-image" class="css-1ilyd09"><img alt="White Barbecue Sauce" src="https://assets.shop.loblaws.ca/products/21589265/b1/en/front/21589265_front_a07.png" loading="lazy" class="chakra-image css-1r75va2" aria-hidden="true"></div><div class="css-zg1vud"><a href="/white-barbecue-sauce/p/21589265_EA" class="chakra-linkbox__overlay css-4i2qqf"><div class="css-l768tc"><div class="css-0"><h3 class="chakra-heading css-h0x1ij" id="21589265_EA" data-testid="product-title">White Barbecue Sauce</h3></div><div data-testid="product-price" class="css-8atqhb"><p class="chakra-text css-0"><span class="chakra-text css-pwnbcb" data-testid="regular-price"><span class="css-idkz9h">$4.79</span>$4.79</span></p></div></div></a></div><div class="css-1dtig0a"><div id="atc-container" class="css-fpf731"><div data-testid="atc-compact" class="css-y94ivq" style="width: 45px;"><button type="button" class="chakra-button css-mudsm6" data-testid="atc-button"><svg stroke="currentColor" fill="currentColor" stroke-width="0" viewBox="0 0 24 24" focusable="false" class="chakra-icon css-1g3sp7a" data-testid="btn-icon" aria-hidden="true" height="1em" width="1em" xmlns="http://www.w3.org/2000/svg"><path d="M19 13h-6v6h-2v-6H5v-2h6V5h2v6h6v2z"></path></svg><span class="css-idkz9h">Add White Barbecue Sauce to cart</span></button></div></div></div></div></div></li><li class="css-0"><div class="chakra-linkbox css-10n1vic"><div class="css-1wtvlx1"><div data-testid="product-image" class="css-1ilyd09"><img alt="Barese Sausage" src="https://assets.shop.loblaws.ca/products/21576127/b1/en/front/21576127_front_a07.png" loading="lazy" class="chakra-image css-1r75va2" aria-hidden="true"></div><div class="css-zg1vud"><a href="/barese-sausage/p/21576127_EA" class="chakra-linkbox__overlay css-4i2qqf"><div class="css-l768tc"><div class="css-0"><h3 class="chakra-heading css-h0x1ij" id="21576127_EA" data-testid="product-title">Barese Sausage</h3></div><div data-testid="product-price" class="css-8atqhb"><p class="chakra-text css-0"><span class="chakra-text css-pwnbcb" data-testid="regular-price"><span class="css-idkz9h">$6.00</span>$6.00</span></p></div></div></a></div><div class="css-1dtig0a"><div id="atc-container" class="css-fpf731"><div data-testid="atc-compact" class="css-y94ivq" style="width: 45px;"><button type="button" class="chakra-button css-mudsm6" data-testid="atc-button"><svg stroke="currentColor" fill="currentColor" stroke-width="0" viewBox="0 0 24 24" focusable="false" class="chakra-icon css-1g3sp7a" data-testid="btn-icon" aria-hidden="true" height="1em" width="1em" xmlns="http://www.w3.org/2000/svg"><path d="M19 13h-6v6h-2v-6H5v-2h6V5h2v6h6v2z"></path></svg><span class="css-idkz9h">Add Barese Sausage to cart</span></button></div></div></div></div></div></li><li class="css-0"><div class="chakra-linkbox css-10n1vic"><div class="css-1wtvlx1"><div data-testid="product-image" class="css-1ilyd09"><img alt="Chicken Yakitori" src="https://assets.shop.loblaws.ca/products/21575909/b1/en/front/21575909_front_a07.png" loading="lazy" class="chakra-image css-1r75va2" aria-hidden="true"></div><div class="css-zg1vud"><a href="/chicken-yakitori/p/21575909_EA" class="chakra-linkbox__overlay css-4i2qqf"><div class="css-l768tc"><div class="css-0"><h3 class="chakra-heading css-h0x1ij" id="21575909_EA" data-testid="product-title">Chicken Yakitori</h3></div><div data-testid="product-price" class="css-8atqhb"><p class="chakra-text css-0"><span class="chakra-text css-pwnbcb" data-testid="regular-price"><span class="css-idkz9h">$17.00</span>$17.00</span></p></div></div></a></div><div class="css-1dtig0a"><div id="atc-container" class="css-fpf731"><div data-testid="atc-compact" class="css-y94ivq" style="width: 45px;"><button type="button" class="chakra-button css-mudsm6" data-testid="atc-button"><svg stroke="currentColor" fill="currentColor" stroke-width="0" viewBox="0 0 24 24" focusable="false" class="chakra-icon css-1g3sp7a" data-testid="btn-icon" aria-hidden="true" height="1em" width="1em" xmlns="http://www.w3.org/2000/svg"><path d="M19 13h-6v6h-2v-6H5v-2h6V5h2v6h6v2z"></path></svg><span class="css-idkz9h">Add Chicken Yakitori to cart</span></button></div></div></div></div></div></li><li class="css-0"><div class="chakra-linkbox css-10n1vic"><div class="css-1wtvlx1"><div data-testid="product-image" class="css-1ilyd09"><img alt="Pink Guava" src="https://assets.shop.loblaws.ca/products/21575914001/b1/en/front/21575914001_front_a07.png" loading="lazy" class="chakra-image css-1r75va2" aria-hidden="true"></div><div class="css-zg1vud"><a href="/pink-guava/p/21575914001_EA" class="chakra-linkbox__overlay css-4i2qqf"><div class="css-l768tc"><div class="css-0"><h3 class="chakra-heading css-h0x1ij" id="21575914001_EA" data-testid="product-title">Pink Guava</h3></div><div data-testid="product-price" class="css-8atqhb"><p class="chakra-text css-0"><span class="chakra-text css-pwnbcb" data-testid="regular-price"><span class="css-idkz9h">$7.00</span>$7.00</span></p></div></div></a></div><div class="css-1dtig0a"><div id="atc-container" class="css-fpf731"><div data-testid="atc-compact" class="css-y94ivq" style="width: 45px;"><button type="button" class="chakra-button css-mudsm6" data-testid="atc-button"><svg stroke="currentColor" fill="currentColor" stroke-width="0" viewBox="0 0 24 24" focusable="false" class="chakra-icon css-1g3sp7a" data-testid="btn-icon" aria-hidden="true" height="1em" width="1em" xmlns="http://www.w3.org/2000/svg"><path d="M19 13h-6v6h-2v-6H5v-2h6V5h2v6h6v2z"></path></svg><span class="css-idkz9h">Add Pink Guava to cart</span></button></div></div><div class="css-lql7q2"><div class="css-4saf4a"><p class="chakra-text css-py8788" data-testid="inventory-badge-text">Low Stock</p></div></div></div></div></div></li><li class="css-0"><div class="chakra-linkbox css-10n1vic"><div class="css-1wtvlx1"><div data-testid="product-image" class="css-1ilyd09"><img alt="Chicken Masala on Rice" src="https://assets.shop.loblaws.ca/products/21565933/b1/en/front/21565933_front_a07.png" loading="lazy" class="chakra-image css-1r75va2" aria-hidden="true"></div><div class="css-zg1vud"><a href="/chicken-masala-on-rice/p/21565933_EA" class="chakra-linkbox__overlay css-4i2qqf"><div class="css-l768tc"><div class="css-0"><h3 class="chakra-heading css-h0x1ij" id="21565933_EA" data-testid="product-title">Chicken Masala on Rice</h3></div><div data-testid="product-price" class="css-8atqhb"><p class="chakra-text css-0"><span class="chakra-text css-pwnbcb" data-testid="regular-price"><span class="css-idkz9h">$5.00</span>$5.00</span></p></div></div></a></div><div class="css-1dtig0a"><div id="atc-container" class="css-fpf731"><div data-testid="atc-compact" class="css-y94ivq" style="width: 45px;"><button type="button" class="chakra-button css-mudsm6" data-testid="atc-button"><svg stroke="currentColor" fill="currentColor" stroke-width="0" viewBox="0 0 24 24" focusable="false" class="chakra-icon css-1g3sp7a" data-testid="btn-icon" aria-hidden="true" height="1em" width="1em" xmlns="http://www.w3.org/2000/svg"><path d="M19 13h-6v6h-2v-6H5v-2h6V5h2v6h6v2z"></path></svg><span class="css-idkz9h">Add Chicken Masala on Rice to cart</span></button></div></div></div></div></div></li><li class="css-0"><div class="chakra-linkbox css-10n1vic"><div class="css-1wtvlx1"><div data-testid="product-image" class="css-1ilyd09"><img alt="M'AQUA Mule Cocktail Flavoured Sparkling Water" src="https://assets.shop.loblaws.ca/products/21590689/b1/en/front/21590689_front_a07.png" loading="lazy" class="chakra-image css-1r75va2" aria-hidden="true"></div><div class="css-zg1vud"><a href="/m-aqua-mule-cocktail-flavoured-sparkling-water/p/21590689_C06" class="chakra-linkbox__overlay css-4i2qqf"><div class="css-l768tc"><div class="css-0"><h3 class="chakra-heading css-h0x1ij" id="21590689_C06" data-testid="product-title">M'AQUA Mule Cocktail Flavoured Sparkling Water</h3></div><div data-testid="product-price" class="css-8atqhb"><p class="chakra-text css-0"><span class="chakra-text css-pwnbcb" data-testid="regular-price"><span class="css-idkz9h">$6.29</span>$6.29</span></p></div></div></a></div><div class="css-1dtig0a"><div id="atc-container" class="css-fpf731"><div data-testid="atc-compact" class="css-y94ivq" style="width: 45px;"><button type="button" class="chakra-button css-mudsm6" data-testid="atc-button"><svg stroke="currentColor" fill="currentColor" stroke-width="0" viewBox="0 0 24 24" focusable="false" class="chakra-icon css-1g3sp7a" data-testid="btn-icon" aria-hidden="true" height="1em" width="1em" xmlns="http://www.w3.org/2000/svg"><path d="M19 13h-6v6h-2v-6H5v-2h6V5h2v6h6v2z"></path></svg><span class="css-idkz9h">Add M'AQUA Mule Cocktail Flavoured Sparkling Water to cart</span></button></div></div></div></div></div></li><li class="css-0"><div class="chakra-linkbox css-10n1vic"><div class="css-1wtvlx1"><div data-testid="product-image" class="css-1ilyd09"><img alt="M'AQUA Tequila Sunrise Cocktail Flavoured Sparkling Water" src="https://assets.shop.loblaws.ca/products/21590813/b1/en/front/21590813_front_a07.png" loading="lazy" class="chakra-image css-1r75va2" aria-hidden="true"></div><div class="css-zg1vud"><a href="/m-aqua-tequila-sunrise-cocktail-flavoured-sparklin/p/21590813_C06" class="chakra-linkbox__overlay css-4i2qqf"><div class="css-l768tc"><div class="css-0"><h3 class="chakra-heading css-h0x1ij" id="21590813_C06" data-testid="product-title">M'AQUA Tequila Sunrise Cocktail Flavoured Sparkling Water</h3></div><div data-testid="product-price" class="css-8atqhb"><p class="chakra-text css-0"><span class="chakra-text css-pwnbcb" data-testid="regular-price"><span class="css-idkz9h">$6.29</span>$6.29</span></p></div></div></a></div><div class="css-1dtig0a"><div id="atc-container" class="css-fpf731"><div data-testid="atc-compact" class="css-y94ivq" style="width: 45px;"><button type="button" class="chakra-button css-mudsm6" data-testid="atc-button"><svg stroke="currentColor" fill="currentColor" stroke-width="0" viewBox="0 0 24 24" focusable="false" class="chakra-icon css-1g3sp7a" data-testid="btn-icon" aria-hidden="true" height="1em" width="1em" xmlns="http://www.w3.org/2000/svg"><path d="M19 13h-6v6h-2v-6H5v-2h6V5h2v6h6v2z"></path></svg><span class="css-idkz9h">Add M'AQUA Tequila Sunrise Cocktail Flavoured Sparkling Water to cart</span></button></div></div></div></div></div></li><li class="css-0"><div class="chakra-linkbox css-10n1vic"><div class="css-1wtvlx1"><div data-testid="product-image" class="css-1ilyd09"><img alt="Granadillas" src="https://assets.shop.loblaws.ca/products/21575901001/b1/en/front/21575901001_front_a07.png" loading="lazy" class="chakra-image css-1r75va2" aria-hidden="true"></div><div class="css-zg1vud"><a href="/granadillas/p/21575901001_EA" class="chakra-linkbox__overlay css-4i2qqf"><div class="css-l768tc"><div class="css-0"><h3 class="chakra-heading css-h0x1ij" id="21575901001_EA" data-testid="product-title">Granadillas</h3></div><div data-testid="product-price" class="css-8atqhb"><p class="chakra-text css-0"><span class="chakra-text css-pwnbcb" data-testid="regular-price"><span class="css-idkz9h">$6.00</span>$6.00</span></p></div></div></a></div><div class="css-1dtig0a"><div id="atc-container" class="css-fpf731"><div data-testid="atc-compact" class="css-y94ivq" style="width: 45px;"><button type="button" class="chakra-button css-mudsm6" data-testid="atc-button"><svg stroke="currentColor" fill="currentColor" stroke-width="0" viewBox="0 0 24 24" focusable="false" class="chakra-icon css-1g3sp7a" data-testid="btn-icon" aria-hidden="true" height="1em" width="1em" xmlns="http://www.w3.org/2000/svg"><path d="M19 13h-6v6h-2v-6H5v-2h6V5h2v6h6v2z"></path></svg><span class="css-idkz9h">Add Granadillas to cart</span></button></div></div></div></div></div></li><li class="css-0"><div class="chakra-linkbox css-10n1vic"><div class="css-1wtvlx1"><div data-testid="product-image" class="css-1ilyd09"><img alt="Mangosteen" src="https://assets.shop.loblaws.ca/products/21575865001/b1/en/front/21575865001_front_a07.png" loading="lazy" class="chakra-image css-1r75va2" aria-hidden="true"></div><div class="css-zg1vud"><a href="/mangosteen/p/21575865001_EA" class="chakra-linkbox__overlay css-4i2qqf"><div class="css-l768tc"><div class="css-0"><h3 class="chakra-heading css-h0x1ij" id="21575865001_EA" data-testid="product-title">Mangosteen</h3></div><div data-testid="product-price" class="css-8atqhb"><p class="chakra-text css-0"><span class="chakra-text css-pwnbcb" data-testid="regular-price"><span class="css-idkz9h">$6.00</span>$6.00</span></p></div></div></a></div><div class="css-1dtig0a"><div id="atc-container" class="css-fpf731"><div data-testid="atc-compact" class="css-y94ivq" style="width: 45px;"><button disabled="" type="button" class="chakra-button css-mudsm6" data-testid="atc-button"><svg stroke="currentColor" fill="currentColor" stroke-width="0" viewBox="0 0 24 24" focusable="false" class="chakra-icon css-1g3sp7a" data-testid="btn-icon" aria-hidden="true" height="1em" width="1em" xmlns="http://www.w3.org/2000/svg"><path d="M19 13h-6v6h-2v-6H5v-2h6V5h2v6h6v2z"></path></svg><span class="css-idkz9h">Add Mangosteen to cart</span></button></div></div><div class="css-lql7q2"><div class="css-4saf4a"><p class="chakra-text css-py8788" data-testid="inventory-badge-text">Out of Stock</p></div></div></div></div></div></li><li class="css-0"><div class="chakra-linkbox css-10n1vic"><div class="css-1wtvlx1"><div data-testid="product-image" class="css-1ilyd09"><img alt="Purple Passion Fruit" src="https://assets.shop.loblaws.ca/products/21575820001/b1/en/front/21575820001_front_a07.png" loading="lazy" class="chakra-image css-1r75va2" aria-hidden="true"></div><div class="css-zg1vud"><a href="/purple-passion-fruit/p/21575820001_EA" class="chakra-linkbox__overlay css-4i2qqf"><div class="css-l768tc"><div class="css-0"><h3 class="chakra-heading css-h0x1ij" id="21575820001_EA" data-testid="product-title">Purple Passion Fruit</h3></div><div data-testid="product-price" class="css-8atqhb"><p class="chakra-text css-0"><span class="chakra-text css-pwnbcb" data-testid="regular-price"><span class="css-idkz9h">$6.00</span>$6.00</span></p></div></div></a></div><div class="css-1dtig0a"><div id="atc-container" class="css-fpf731"><div data-testid="atc-compact" class="css-y94ivq" style="width: 45px;"><button type="button" class="chakra-button css-mudsm6" data-testid="atc-button"><svg stroke="currentColor" fill="currentColor" stroke-width="0" viewBox="0 0 24 24" focusable="false" class="chakra-icon css-1g3sp7a" data-testid="btn-icon" aria-hidden="true" height="1em" width="1em" xmlns="http://www.w3.org/2000/svg"><path d="M19 13h-6v6h-2v-6H5v-2h6V5h2v6h6v2z"></path></svg><span class="css-idkz9h">Add Purple Passion Fruit to cart</span></button></div></div></div></div></div></li><li class="css-0"><div class="chakra-linkbox css-10n1vic"><div class="css-1wtvlx1"><div data-testid="product-image" class="css-1ilyd09"><img alt="Yellow Pitahaya" src="https://assets.shop.loblaws.ca/products/21575847001/b1/en/front/21575847001_front_a07.png" loading="lazy" class="chakra-image css-1r75va2" aria-hidden="true"></div><div class="css-zg1vud"><a href="/yellow-pitahaya/p/21575847001_EA" class="chakra-linkbox__overlay css-4i2qqf"><div class="css-l768tc"><div class="css-0"><h3 class="chakra-heading css-h0x1ij" id="21575847001_EA" data-testid="product-title">Yellow Pitahaya</h3></div><div data-testid="product-price" class="css-8atqhb"><p class="chakra-text css-0"><span class="chakra-text css-pwnbcb" data-testid="regular-price"><span class="css-idkz9h">$5.00</span>$5.00</span></p></div></div></a></div><div class="css-1dtig0a"><div id="atc-container" class="css-fpf731"><div data-testid="atc-compact" class="css-y94ivq" style="width: 45px;"><button type="button" class="chakra-button css-mudsm6" data-testid="atc-button"><svg stroke="currentColor" fill="currentColor" stroke-width="0" viewBox="0 0 24 24" focusable="false" class="chakra-icon css-1g3sp7a" data-testid="btn-icon" aria-hidden="true" height="1em" width="1em" xmlns="http://www.w3.org/2000/svg"><path d="M19 13h-6v6h-2v-6H5v-2h6V5h2v6h6v2z"></path></svg><span class="css-idkz9h">Add Yellow Pitahaya to cart</span></button></div></div></div></div></div></li></ul></div></div><div id=":rk:" class="css-0"> </div></div><div class="chakra-container css-1yvva6b" data-testid="section"><div class="css-147ar3n"><div class="css-2imjyh"></div><div class="css-owofrc"><div class="css-1pzcvyn"><div class="css-1pzcvyn"><h2 class="chakra-heading css-1thmpx" data-testid="heading">Shop Categories</h2></div></div></div></div><a class="chakra-link css-14qfziv" href="#:rv:">Skip Shop Categories</a><div data-testid="scroller" class="css-10cksfv"><div class="indiana-scroll-container"><div class="css-1n5y1q"><div data-testid="card" class="css-1uwjmhu"><a class="chakra-link css-13jvj27" href="/collection/new-arrivals?icid=gr_newarrivals-shop-categories_tile_1_hp" data-testid="menu-tile-link"><div data-testid="card-media" class="css-3t1x0z"><img alt="" src="https://dis-prod.assetful.loblaw.ca/content/dam/loblaw-companies-limited/creative-assets/helios/pc-express-app-browse-tile-images/new.png" loading="lazy" class="chakra-image css-0" data-testid="menu-tile-image"></div><div data-testid="card-content" class="css-7nxyxv"><p class="chakra-text css-1t0ix7u" data-testid="menu-tile-label">New Arrivals</p></div></a></div><div data-testid="card" class="css-1uwjmhu"><a class="chakra-link css-13jvj27" href="/collection/grilling?icid=gr_grilling_menutile_1_c" data-testid="menu-tile-link"><div data-testid="card-media" class="css-3t1x0z"><img alt="" src="https://dis-prod.assetful.loblaw.ca/content/dam/loblaw-companies-limited/creative-assets/grocery/2024/wk19/CS-12876_-_WK19_(2024)_-_Market_-_Grilling/1_shop-all-grilling.png" loading="lazy" class="chakra-image css-0" data-testid="menu-tile-image"></div><div data-testid="card-content" class="css-7nxyxv"><p class="chakra-text css-1t0ix7u" data-testid="menu-tile-label">Shop All Grilling</p></div></a></div><div data-testid="card" class="css-1uwjmhu"><a class="chakra-link css-13jvj27" href="/food/fruits-vegetables/c/28000?navid=flyout-L2-fruits-vegetables&amp;icid=gr_fruits-vegetables-shop-categories_tile_3_hp" data-testid="menu-tile-link"><div data-testid="card-media" class="css-3t1x0z"><img alt="" src="https://dis-prod.assetful.loblaw.ca/content/dam/loblaw-companies-limited/creative-assets/helios/pc-express-app-browse-tile-images/Fruits%20and%20Vegetables.png" loading="lazy" class="chakra-image css-0" data-testid="menu-tile-image"></div><div data-testid="card-content" class="css-7nxyxv"><p class="chakra-text css-1t0ix7u" data-testid="menu-tile-label">Fruits &amp; Vegetables</p></div></a></div><div data-testid="card" class="css-1uwjmhu"><a class="chakra-link css-13jvj27" href="/food/dairy-eggs/c/28003?icid=gr_dairyeggs-shop-categories_tile_4_hp" data-testid="menu-tile-link"><div data-testid="card-media" class="css-3t1x0z"><img alt="" src="https://dis-prod.assetful.loblaw.ca/content/dam/loblaw-companies-limited/creative-assets/helios/pc-express-app-browse-tile-images/Dairy%20and%20Eggs.png" loading="lazy" class="chakra-image css-0" data-testid="menu-tile-image"></div><div data-testid="card-content" class="css-7nxyxv"><p class="chakra-text css-1t0ix7u" data-testid="menu-tile-label">Dairy &amp; Eggs</p></div></a></div><div data-testid="card" class="css-1uwjmhu"><a class="chakra-link css-13jvj27" href="/food/meat/c/27998?icid=gr_meat-shop-categories_tile_5_hp" data-testid="menu-tile-link"><div data-testid="card-media" class="css-3t1x0z"><img alt="" src="https://dis-prod.assetful.loblaw.ca/content/dam/loblaw-companies-limited/creative-assets/helios/pc-express-app-browse-tile-images/Meat.png" loading="lazy" class="chakra-image css-0" data-testid="menu-tile-image"></div><div data-testid="card-content" class="css-7nxyxv"><p class="chakra-text css-1t0ix7u" data-testid="menu-tile-label">Meat</p></div></a></div><div data-testid="card" class="css-1uwjmhu"><a class="chakra-link css-13jvj27" href="/food/bakery/c/28002?icid=gr_bakery-shop-categories_tile_6_hp" data-testid="menu-tile-link"><div data-testid="card-media" class="css-3t1x0z"><img alt="" src="https://dis-prod.assetful.loblaw.ca/content/dam/loblaw-companies-limited/creative-assets/helios/pc-express-app-browse-tile-images/Bakery.png" loading="lazy" class="chakra-image css-0" data-testid="menu-tile-image"></div><div data-testid="card-content" class="css-7nxyxv"><p class="chakra-text css-1t0ix7u" data-testid="menu-tile-label">Bakery</p></div></a></div><div data-testid="card" class="css-1uwjmhu"><a class="chakra-link css-13jvj27" href="/food/pantry/c/28006?icid=gr_pantry-shop-categories_tile_7_hp" data-testid="menu-tile-link"><div data-testid="card-media" class="css-3t1x0z"><img alt="" src="https://dis-prod.assetful.loblaw.ca/content/dam/loblaw-companies-limited/creative-assets/helios/pc-express-app-browse-tile-images/Pantry.png" loading="lazy" class="chakra-image css-0" data-testid="menu-tile-image"></div><div data-testid="card-content" class="css-7nxyxv"><p class="chakra-text css-1t0ix7u" data-testid="menu-tile-label">Pantry</p></div></a></div><div data-testid="card" class="css-1uwjmhu"><a class="chakra-link css-13jvj27" href="/food/deli/c/28001?navid=flyout-L2-Deli&amp;icid=gr_deli_menutile_8_hp" data-testid="menu-tile-link"><div data-testid="card-media" class="css-3t1x0z"><img alt="Deli" src="https://dis-prod.assetful.loblaw.ca/content/dam/loblaw-companies-limited/creative-assets/pc-express-app/app-browse-navigation-images/Deli%403x.png" loading="lazy" class="chakra-image css-0" data-testid="menu-tile-image"></div><div data-testid="card-content" class="css-7nxyxv"><p class="chakra-text css-1t0ix7u" data-testid="menu-tile-label">Deli</p></div></a></div><div data-testid="card" class="css-1uwjmhu"><a class="chakra-link css-13jvj27" href="/food/frozen/c/28005?navid=flyout-L2-Frozen&amp;icid=gr_frozen_menutile_11_hp" data-testid="menu-tile-link"><div data-testid="card-media" class="css-3t1x0z"><img alt="Frozen" src="https://dis-prod.assetful.loblaw.ca/content/dam/loblaw-companies-limited/creative-assets/pc-express-app/app-browse-navigation-images/Frozen%403x.png" loading="lazy" class="chakra-image css-0" data-testid="menu-tile-image"></div><div data-testid="card-content" class="css-7nxyxv"><p class="chakra-text css-1t0ix7u" data-testid="menu-tile-label">Frozen</p></div></a></div><div data-testid="card" class="css-1uwjmhu"><a class="chakra-link css-13jvj27" href="/food/drinks/c/28004?icid=gr_drinks-shop-categories_tile_12_hp" data-testid="menu-tile-link"><div data-testid="card-media" class="css-3t1x0z"><img alt="" src="https://dis-prod.assetful.loblaw.ca/content/dam/loblaw-companies-limited/creative-assets/helios/pc-express-app-browse-tile-images/Drinks.png" loading="lazy" class="chakra-image css-0" data-testid="menu-tile-image"></div><div data-testid="card-content" class="css-7nxyxv"><p class="chakra-text css-1t0ix7u" data-testid="menu-tile-label">Drinks</p></div></a></div><div data-testid="card" class="css-1uwjmhu"><a class="chakra-link css-13jvj27" href="/food/fish-seafood/c/27999?navid=flyout-L2-Fish-and-Seafood&amp;icid=gr_seafood_menutile_9_hp" data-testid="menu-tile-link"><div data-testid="card-media" class="css-3t1x0z"><img alt="Seafood" src="https://dis-prod.assetful.loblaw.ca/content/dam/loblaw-companies-limited/creative-assets/pc-express-app/app-browse-navigation-images/Fish%20-%20Seafood%403x.png" loading="lazy" class="chakra-image css-0" data-testid="menu-tile-image"></div><div data-testid="card-content" class="css-7nxyxv"><p class="chakra-text css-1t0ix7u" data-testid="menu-tile-label">Seafood</p></div></a></div><div data-testid="card" class="css-1uwjmhu"><a class="chakra-link css-13jvj27" href="/floral-shop/c/58821?icid=gr_floral-shop-categories_tile_13_hp" data-testid="menu-tile-link"><div data-testid="card-media" class="css-3t1x0z"><img alt="" src="https://dis-prod.assetful.loblaw.ca/content/dam/loblaw-companies-limited/creative-assets/helios/pc-express-app-browse-tile-images/Floral.png" loading="lazy" class="chakra-image css-0" data-testid="menu-tile-image"></div><div data-testid="card-content" class="css-7nxyxv"><p class="chakra-text css-1t0ix7u" data-testid="menu-tile-label">Floral</p></div></a></div><div data-testid="card" class="css-1uwjmhu"><a class="chakra-link css-13jvj27" href="/baby/c/27987?icid=gr_baby-shop-categories_tile_11_hp" data-testid="menu-tile-link"><div data-testid="card-media" class="css-3t1x0z"><img alt="" src="https://dis-prod.assetful.loblaw.ca/content/dam/loblaw-companies-limited/creative-assets/helios/pc-express-app-browse-tile-images/Baby.png" loading="lazy" class="chakra-image css-0" data-testid="menu-tile-image"></div><div data-testid="card-content" class="css-7nxyxv"><p class="chakra-text css-1t0ix7u" data-testid="menu-tile-label">Baby</p></div></a></div></div></div></div><div id=":rv:" class="css-0"> </div></div><div class="chakra-container css-1yvva6b" data-testid="section"><div class="css-147ar3n"><div class="css-2imjyh"></div><div class="css-owofrc"><div class="css-1pzcvyn"><div class="css-1pzcvyn"><h2 class="chakra-heading css-1thmpx" data-testid="heading">Weekly Flyer Features</h2></div></div><a class="chakra-link css-jmtsim" data-testid="header-link" href="/collection/flyer-favourites?icid=gr_weekly-flyer_productcarousel_1_hp" aria-label="Shop all Weekly Flyer Features">Shop all</a></div></div><a class="chakra-link css-14qfziv" href="#:r10:">skip Weekly Flyer Features</a><div class="css-10cksfv"><div class="indiana-scroll-container"><ul role="list" class="css-7i2yy7"><li tabindex="-1" class="css-0"><div class="css-f5i5wc"><div class="chakra-linkbox css-vhnn8v"><div data-testid="product-image" class="css-16dr4ly"><img alt="null Extra Large Green Seedless Grapes $4.39/1kg $1.99/1lb" src="https://assets.shop.loblaws.ca/products/20425775001/b1/en/front/20425775001_front_a01_@2.png" srcset="https://assets.shop.loblaws.ca/products/20425775001/b1/en/front/20425775001_front_a01_@2.png 1x, https://assets.shop.loblaws.ca/products/20425775001/b1/en/front/20425775001_front_a01_@2.png 2x" loading="lazy" class="chakra-image css-oguq8l" aria-hidden="true"></div><div class="css-qoklea"><div class="css-12dchmx"></div><div data-testid="price-product-tile" class="css-8atqhb"><p class="chakra-text css-0"><span class="chakra-text css-o93gbd" data-testid="sale-price"><span class="css-idkz9h">about $4.48</span>about $4.48</span><span class="chakra-text css-623q5h" data-testid="was-price"><span class="css-idkz9h">$11.22</span>$11.22</span></p><p class="chakra-text css-1m5a6y8" data-testid="price-descriptor">SAVE $6.74</p></div><a href="/extra-large-green-seedless-grapes/p/20425775001_KG?source=nspt" class="chakra-linkbox__overlay css-1hnz6hu"><div class="css-0"><h3 class="chakra-heading css-6qrhwc" id="20425775001_KG" data-testid="product-title">Extra Large Green Seedless Grapes</h3><p class="chakra-text css-1yftjin" data-testid="product-package-size">$4.39/1kg $1.99/1lb</p></div></a><div class="css-8keand"></div></div><div class="css-1q5omjq"><div class="css-fcebb8"><div data-testid="atc-compact" class="css-y94ivq" style="width: 45px;"><button type="button" class="chakra-button css-mudsm6" data-testid="atc-button"><svg stroke="currentColor" fill="currentColor" stroke-width="0" viewBox="0 0 24 24" focusable="false" class="chakra-icon css-1g3sp7a" data-testid="btn-icon" aria-hidden="true" height="1em" width="1em" xmlns="http://www.w3.org/2000/svg"><path d="M19 13h-6v6h-2v-6H5v-2h6V5h2v6h6v2z"></path></svg><span class="css-idkz9h">Add Extra Large Green Seedless Grapes to cart</span></button></div></div></div></div></div></li><li tabindex="-1" class="css-0"><div class="css-f5i5wc"><div class="chakra-linkbox css-vhnn8v"><div data-testid="product-image" class="css-16dr4ly"><img alt="null Tomato On The Vine Red (1 Bunch) $6.59/1kg $2.99/1lb" src="https://assets.shop.loblaws.ca/products/20026703001/b1/en/front/20026703001_front_a01_@2.png" srcset="https://assets.shop.loblaws.ca/products/20026703001/b1/en/front/20026703001_front_a01_@2.png 1x, https://assets.shop.loblaws.ca/products/20026703001/b1/en/front/20026703001_front_a01_@2.png 2x" loading="lazy" class="chakra-image css-oguq8l" aria-hidden="true"></div><div class="css-qoklea"><div class="css-12dchmx"></div><div data-testid="price-product-tile" class="css-8atqhb"><p class="chakra-text css-0"><span class="chakra-text css-pwnbcb" data-testid="regular-price"><span class="css-idkz9h">about $4.68</span>about $4.68</span></p></div><a href="/tomato-on-the-vine-red-1-bunch/p/20026703001_KG?source=nspt" class="chakra-linkbox__overlay css-1hnz6hu"><div class="css-0"><h3 class="chakra-heading css-6qrhwc" id="20026703001_KG" data-testid="product-title">Tomato On The Vine Red (1 Bunch)</h3><p class="chakra-text css-1yftjin" data-testid="product-package-size">$6.59/1kg $2.99/1lb</p></div></a><div class="css-8keand"></div></div><div class="css-1q5omjq"><div class="css-fcebb8"><div data-testid="atc-compact" class="css-y94ivq" style="width: 45px;"><button disabled="" type="button" class="chakra-button css-mudsm6" data-testid="atc-button"><svg stroke="currentColor" fill="currentColor" stroke-width="0" viewBox="0 0 24 24" focusable="false" class="chakra-icon css-1g3sp7a" data-testid="btn-icon" aria-hidden="true" height="1em" width="1em" xmlns="http://www.w3.org/2000/svg"><path d="M19 13h-6v6h-2v-6H5v-2h6V5h2v6h6v2z"></path></svg><span class="css-idkz9h">Add Tomato On The Vine Red (1 Bunch) to cart</span></button></div></div><div class="css-4saf4a"><p class="chakra-text css-py8788" data-testid="inventory-badge-text">Out of Stock</p></div></div></div></div></li><li tabindex="-1" class="css-0"><div class="css-f5i5wc"><div class="chakra-linkbox css-vhnn8v"><div data-testid="product-image" class="css-16dr4ly"><img alt="Chapmans Premium French Vanilla Ice Cream 2 l, $0.25/100ml" src="https://assets.shop.loblaws.ca/products/20323573001/b1/en/front/20323573001_front_a01_@2.png" srcset="https://assets.shop.loblaws.ca/products/20323573001/b1/en/front/20323573001_front_a01_@2.png 1x, https://assets.shop.loblaws.ca/products/20323573001/b1/en/front/20323573001_front_a01_@2.png 2x" loading="lazy" class="chakra-image css-oguq8l" aria-hidden="true"></div><div class="css-qoklea"><div class="css-12dchmx"></div><div data-testid="price-product-tile" class="css-8atqhb"><p class="chakra-text css-0"><span class="chakra-text css-o93gbd" data-testid="sale-price"><span class="css-idkz9h">$5.00</span>$5.00</span><span class="chakra-text css-623q5h" data-testid="was-price"><span class="css-idkz9h">$8.49</span>$8.49</span></p><p class="chakra-text css-1m5a6y8" data-testid="price-descriptor">SAVE $3.49</p></div><a href="/premium-french-vanilla-ice-cream/p/20323573001_EA?source=nspt" class="chakra-linkbox__overlay css-1hnz6hu"><div class="css-0"><p class="chakra-text css-1ecdp9w" data-testid="product-brand">Chapmans</p><h3 class="chakra-heading css-6qrhwc" id="20323573001_EA" data-testid="product-title">Premium French Vanilla Ice Cream</h3><p class="chakra-text css-1yftjin" data-testid="product-package-size">2 l, $0.25/100ml</p></div></a><div class="css-8keand"></div></div><div class="css-1q5omjq"><div class="css-fcebb8"><div data-testid="atc-compact" class="css-y94ivq" style="width: 45px;"><button type="button" class="chakra-button css-mudsm6" data-testid="atc-button"><svg stroke="currentColor" fill="currentColor" stroke-width="0" viewBox="0 0 24 24" focusable="false" class="chakra-icon css-1g3sp7a" data-testid="btn-icon" aria-hidden="true" height="1em" width="1em" xmlns="http://www.w3.org/2000/svg"><path d="M19 13h-6v6h-2v-6H5v-2h6V5h2v6h6v2z"></path></svg><span class="css-idkz9h">Add Premium French Vanilla Ice Cream to cart</span></button></div></div></div></div></div></li><li tabindex="-1" class="css-0"><div class="css-f5i5wc"><div class="chakra-linkbox css-vhnn8v"><div data-testid="product-image" class="css-16dr4ly"><img alt="Liberte Greek 0% Yogurt, Plain, High Protein 750 g, $0.87/100g" src="https://assets.shop.loblaws.ca/products/20642273/b1/en/front/20642273_front_a01_@2.png" srcset="https://assets.shop.loblaws.ca/products/20642273/b1/en/front/20642273_front_a01_@2.png 1x, https://assets.shop.loblaws.ca/products/20642273/b1/en/front/20642273_front_a01_@2.png 2x" loading="lazy" class="chakra-image css-oguq8l" aria-hidden="true"></div><div class="css-qoklea"><div class="css-12dchmx"></div><div data-testid="price-product-tile" class="css-8atqhb"><p class="chakra-text css-0"><span class="chakra-text css-o93gbd" data-testid="sale-price"><span class="css-idkz9h">$6.49</span>$6.49</span><span class="chakra-text css-623q5h" data-testid="was-price"><span class="css-idkz9h">$6.99</span>$6.99</span></p><p class="chakra-text css-1m5a6y8" data-testid="price-descriptor">SAVE $0.50</p></div><a href="/greek-0-yogurt-plain-high-protein/p/20642273_EA?source=nspt" class="chakra-linkbox__overlay css-1hnz6hu"><div class="css-0"><p class="chakra-text css-1ecdp9w" data-testid="product-brand">Liberte</p><h3 class="chakra-heading css-6qrhwc" id="20642273_EA" data-testid="product-title">Greek 0% Yogurt, Plain, High Protein</h3><p class="chakra-text css-1yftjin" data-testid="product-package-size">750 g, $0.87/100g</p></div></a><div class="css-8keand"><p class="chakra-text css-wytexo" data-testid="product-pco-badge">500 PC Optimum Points</p></div></div><div class="css-1q5omjq"><div class="css-fcebb8"><div data-testid="atc-compact" class="css-y94ivq" style="width: 45px;"><button type="button" class="chakra-button css-mudsm6" data-testid="atc-button"><svg stroke="currentColor" fill="currentColor" stroke-width="0" viewBox="0 0 24 24" focusable="false" class="chakra-icon css-1g3sp7a" data-testid="btn-icon" aria-hidden="true" height="1em" width="1em" xmlns="http://www.w3.org/2000/svg"><path d="M19 13h-6v6h-2v-6H5v-2h6V5h2v6h6v2z"></path></svg><span class="css-idkz9h">Add Greek 0% Yogurt, Plain, High Protein to cart</span></button></div></div></div></div></div></li><li tabindex="-1" class="css-0"><div class="css-f5i5wc"><div class="chakra-linkbox css-vhnn8v"><div data-testid="product-image" class="css-16dr4ly"><img alt="SpongeTowels Ultra Paper Towel, Ultra Abosrbent, 6 Rolls 6 ea, $1.17/1ea" src="https://assets.shop.loblaws.ca/products/21189812/b1/en/front/21189812_front_a01_@2.png" srcset="https://assets.shop.loblaws.ca/products/21189812/b1/en/front/21189812_front_a01_@2.png 1x, https://assets.shop.loblaws.ca/products/21189812/b1/en/front/21189812_front_a01_@2.png 2x" loading="lazy" class="chakra-image css-oguq8l" aria-hidden="true"></div><div class="css-qoklea"><div class="css-12dchmx"></div><div data-testid="price-product-tile" class="css-8atqhb"><p class="chakra-text css-0"><span class="chakra-text css-o93gbd" data-testid="sale-price"><span class="css-idkz9h">$6.99</span>$6.99</span><span class="chakra-text css-623q5h" data-testid="was-price"><span class="css-idkz9h">$11.99</span>$11.99</span></p><p class="chakra-text css-1m5a6y8" data-testid="price-descriptor">SAVE $5.00</p></div><a href="/ultra-paper-towel-ultra-abosrbent-6-rolls/p/21189812_EA?source=nspt" class="chakra-linkbox__overlay css-1hnz6hu"><div class="css-0"><p class="chakra-text css-1ecdp9w" data-testid="product-brand">SpongeTowels</p><h3 class="chakra-heading css-6qrhwc" id="21189812_EA" data-testid="product-title">Ultra Paper Towel, Ultra Abosrbent, 6 Rolls</h3><p class="chakra-text css-1yftjin" data-testid="product-package-size">6 ea, $1.17/1ea</p></div></a><div class="css-8keand"></div></div><div class="css-1q5omjq"><div class="css-fcebb8"><div data-testid="atc-compact" class="css-y94ivq" style="width: 45px;"><button disabled="" type="button" class="chakra-button css-mudsm6" data-testid="atc-button"><svg stroke="currentColor" fill="currentColor" stroke-width="0" viewBox="0 0 24 24" focusable="false" class="chakra-icon css-1g3sp7a" data-testid="btn-icon" aria-hidden="true" height="1em" width="1em" xmlns="http://www.w3.org/2000/svg"><path d="M19 13h-6v6h-2v-6H5v-2h6V5h2v6h6v2z"></path></svg><span class="css-idkz9h">Add Ultra Paper Towel, Ultra Abosrbent, 6 Rolls to cart</span></button></div></div><div class="css-4saf4a"><p class="chakra-text css-py8788" data-testid="inventory-badge-text">Out of Stock</p></div></div></div></div></li><li tabindex="-1" class="css-0"><div class="css-f5i5wc"><div class="chakra-linkbox css-vhnn8v"><div data-testid="product-image" class="css-16dr4ly"><img alt="null English Cucumber 1 ea, $1.99/1ea" src="https://assets.shop.loblaws.ca/products/20070132001/b1/en/front/20070132001_front_a01_@2.png" srcset="https://assets.shop.loblaws.ca/products/20070132001/b1/en/front/20070132001_front_a01_@2.png 1x, https://assets.shop.loblaws.ca/products/20070132001/b1/en/front/20070132001_front_a01_@2.png 2x" loading="lazy" class="chakra-image css-oguq8l" aria-hidden="true"></div><div class="css-qoklea"><div class="css-12dchmx"></div><div data-testid="price-product-tile" class="css-8atqhb"><p class="chakra-text css-0"><span class="chakra-text css-pwnbcb" data-testid="regular-price"><span class="css-idkz9h">$1.99</span>$1.99</span></p></div><a href="/english-cucumber/p/20070132001_EA?source=nspt" class="chakra-linkbox__overlay css-1hnz6hu"><div class="css-0"><h3 class="chakra-heading css-6qrhwc" id="20070132001_EA" data-testid="product-title">English Cucumber</h3><p class="chakra-text css-1yftjin" data-testid="product-package-size">1 ea, $1.99/1ea</p></div></a><div class="css-8keand"></div></div><div class="css-1q5omjq"><div class="css-fcebb8"><div data-testid="atc-compact" class="css-y94ivq" style="width: 45px;"><button type="button" class="chakra-button css-mudsm6" data-testid="atc-button"><svg stroke="currentColor" fill="currentColor" stroke-width="0" viewBox="0 0 24 24" focusable="false" class="chakra-icon css-1g3sp7a" data-testid="btn-icon" aria-hidden="true" height="1em" width="1em" xmlns="http://www.w3.org/2000/svg"><path d="M19 13h-6v6h-2v-6H5v-2h6V5h2v6h6v2z"></path></svg><span class="css-idkz9h">Add English Cucumber to cart</span></button></div></div></div></div></div></li><li tabindex="-1" class="css-0"><div class="css-f5i5wc"><div class="chakra-linkbox css-vhnn8v"><div data-testid="product-image" class="css-16dr4ly"><img alt="null Mango 1 ea, $1.99/1ea" src="https://assets.shop.loblaws.ca/products/20059635001/b1/en/front/20059635001_front_a01_@2.png" srcset="https://assets.shop.loblaws.ca/products/20059635001/b1/en/front/20059635001_front_a01_@2.png 1x, https://assets.shop.loblaws.ca/products/20059635001/b1/en/front/20059635001_front_a01_@2.png 2x" loading="lazy" class="chakra-image css-oguq8l" aria-hidden="true"></div><div class="css-qoklea"><div class="css-12dchmx"></div><div data-testid="price-product-tile" class="css-8atqhb"><p class="chakra-text css-0"><span class="chakra-text css-o93gbd" data-testid="sale-price"><span class="css-idkz9h">$1.99</span>$1.99</span><span class="chakra-text css-623q5h" data-testid="was-price"><span class="css-idkz9h">$3.49</span>$3.49</span></p><p class="chakra-text css-1m5a6y8" data-testid="price-descriptor">SAVE $1.50</p></div><a href="/mango/p/20059635001_EA?source=nspt" class="chakra-linkbox__overlay css-1hnz6hu"><div class="css-0"><h3 class="chakra-heading css-6qrhwc" id="20059635001_EA" data-testid="product-title">Mango</h3><p class="chakra-text css-1yftjin" data-testid="product-package-size">1 ea, $1.99/1ea</p></div></a><div class="css-8keand"></div></div><div class="css-1q5omjq"><div class="css-fcebb8"><div data-testid="atc-compact" class="css-y94ivq" style="width: 45px;"><button type="button" class="chakra-button css-mudsm6" data-testid="atc-button"><svg stroke="currentColor" fill="currentColor" stroke-width="0" viewBox="0 0 24 24" focusable="false" class="chakra-icon css-1g3sp7a" data-testid="btn-icon" aria-hidden="true" height="1em" width="1em" xmlns="http://www.w3.org/2000/svg"><path d="M19 13h-6v6h-2v-6H5v-2h6V5h2v6h6v2z"></path></svg><span class="css-idkz9h">Add Mango to cart</span></button></div></div></div></div></div></li><li tabindex="-1" class="css-0"><div class="css-f5i5wc"><div class="chakra-linkbox css-vhnn8v"><div data-testid="product-image" class="css-16dr4ly"><img alt="null Red Cherries $11.00/1kg $4.99/1lb" src="https://assets.shop.loblaws.ca/products/20159690001/b1/en/front/20159690001_front_a01_@2.png" srcset="https://assets.shop.loblaws.ca/products/20159690001/b1/en/front/20159690001_front_a01_@2.png 1x, https://assets.shop.loblaws.ca/products/20159690001/b1/en/front/20159690001_front_a01_@2.png 2x" loading="lazy" class="chakra-image css-oguq8l" aria-hidden="true"></div><div class="css-qoklea"><div class="css-12dchmx"></div><div data-testid="price-product-tile" class="css-8atqhb"><p class="chakra-text css-0"><span class="chakra-text css-o93gbd" data-testid="sale-price"><span class="css-idkz9h">about $9.79</span>about $9.79</span><span class="chakra-text css-623q5h" data-testid="was-price"><span class="css-idkz9h">$11.76</span>$11.76</span></p><p class="chakra-text css-1m5a6y8" data-testid="price-descriptor">SAVE $1.97</p></div><a href="/red-cherries/p/20159690001_KG?source=nspt" class="chakra-linkbox__overlay css-1hnz6hu"><div class="css-0"><h3 class="chakra-heading css-6qrhwc" id="20159690001_KG" data-testid="product-title">Red Cherries</h3><p class="chakra-text css-1yftjin" data-testid="product-package-size">$11.00/1kg $4.99/1lb</p></div></a><div class="css-8keand"></div></div><div class="css-1q5omjq"><div class="css-fcebb8"><div data-testid="atc-compact" class="css-y94ivq" style="width: 45px;"><button type="button" class="chakra-button css-mudsm6" data-testid="atc-button"><svg stroke="currentColor" fill="currentColor" stroke-width="0" viewBox="0 0 24 24" focusable="false" class="chakra-icon css-1g3sp7a" data-testid="btn-icon" aria-hidden="true" height="1em" width="1em" xmlns="http://www.w3.org/2000/svg"><path d="M19 13h-6v6h-2v-6H5v-2h6V5h2v6h6v2z"></path></svg><span class="css-idkz9h">Add Red Cherries to cart</span></button></div></div></div></div></div></li><li tabindex="-1" class="css-0"><div class="css-f5i5wc"><div class="chakra-linkbox css-vhnn8v"><div data-testid="product-image" class="css-16dr4ly"><img alt="President's Choice Fingerling Potatoes 680 g, $0.44/100g" src="https://assets.shop.loblaws.ca/products/21244987001/b1/en/front/21244987001_front_a01_@2.png" srcset="https://assets.shop.loblaws.ca/products/21244987001/b1/en/front/21244987001_front_a01_@2.png 1x, https://assets.shop.loblaws.ca/products/21244987001/b1/en/front/21244987001_front_a01_@2.png 2x" loading="lazy" class="chakra-image css-oguq8l" aria-hidden="true"></div><div class="css-qoklea"><div class="css-12dchmx"></div><div data-testid="price-product-tile" class="css-8atqhb"><p class="chakra-text css-0"><span class="chakra-text css-o93gbd" data-testid="sale-price"><span class="css-idkz9h">$2.99</span>$2.99</span><span class="chakra-text css-623q5h" data-testid="was-price"><span class="css-idkz9h">$5.49</span>$5.49</span></p><p class="chakra-text css-1m5a6y8" data-testid="price-descriptor">SAVE $2.50</p></div><a href="/fingerling-potatoes/p/21244987001_EA?source=nspt" class="chakra-linkbox__overlay css-1hnz6hu"><div class="css-0"><p class="chakra-text css-1ecdp9w" data-testid="product-brand">President's Choice</p><h3 class="chakra-heading css-6qrhwc" id="21244987001_EA" data-testid="product-title">Fingerling Potatoes</h3><p class="chakra-text css-1yftjin" data-testid="product-package-size">680 g, $0.44/100g</p></div></a><div class="css-8keand"></div></div><div class="css-1q5omjq"><div class="css-fcebb8"><div data-testid="atc-compact" class="css-y94ivq" style="width: 45px;"><button type="button" class="chakra-button css-mudsm6" data-testid="atc-button"><svg stroke="currentColor" fill="currentColor" stroke-width="0" viewBox="0 0 24 24" focusable="false" class="chakra-icon css-1g3sp7a" data-testid="btn-icon" aria-hidden="true" height="1em" width="1em" xmlns="http://www.w3.org/2000/svg"><path d="M19 13h-6v6h-2v-6H5v-2h6V5h2v6h6v2z"></path></svg><span class="css-idkz9h">Add Fingerling Potatoes to cart</span></button></div></div></div></div></div></li><li tabindex="-1" class="css-0"><div class="css-f5i5wc"><div class="chakra-linkbox css-vhnn8v"><div data-testid="product-image" class="css-16dr4ly"><img alt="Farmer's Market Mini Cucumbers 6 pack, $0.50/1ea" src="https://assets.shop.loblaws.ca/products/20737570001/b1/en/front/20737570001_front_a01_@2.png" srcset="https://assets.shop.loblaws.ca/products/20737570001/b1/en/front/20737570001_front_a01_@2.png 1x, https://assets.shop.loblaws.ca/products/20737570001/b1/en/front/20737570001_front_a01_@2.png 2x" loading="lazy" class="chakra-image css-oguq8l" aria-hidden="true"></div><div class="css-qoklea"><div class="css-12dchmx"></div><div data-testid="price-product-tile" class="css-8atqhb"><p class="chakra-text css-0"><span class="chakra-text css-o93gbd" data-testid="sale-price"><span class="css-idkz9h">$2.99</span>$2.99</span><span class="chakra-text css-623q5h" data-testid="was-price"><span class="css-idkz9h">$3.99</span>$3.99</span></p><p class="chakra-text css-1m5a6y8" data-testid="price-descriptor">SAVE $1.00</p></div><a href="/mini-cucumbers/p/20737570001_EA?source=nspt" class="chakra-linkbox__overlay css-1hnz6hu"><div class="css-0"><p class="chakra-text css-1ecdp9w" data-testid="product-brand">Farmer's Market</p><h3 class="chakra-heading css-6qrhwc" id="20737570001_EA" data-testid="product-title">Mini Cucumbers</h3><p class="chakra-text css-1yftjin" data-testid="product-package-size">6 pack, $0.50/1ea</p></div></a><div class="css-8keand"></div></div><div class="css-1q5omjq"><div class="css-fcebb8"><div data-testid="atc-compact" class="css-y94ivq" style="width: 45px;"><button type="button" class="chakra-button css-mudsm6" data-testid="atc-button"><svg stroke="currentColor" fill="currentColor" stroke-width="0" viewBox="0 0 24 24" focusable="false" class="chakra-icon css-1g3sp7a" data-testid="btn-icon" aria-hidden="true" height="1em" width="1em" xmlns="http://www.w3.org/2000/svg"><path d="M19 13h-6v6h-2v-6H5v-2h6V5h2v6h6v2z"></path></svg><span class="css-idkz9h">Add Mini Cucumbers to cart</span></button></div></div></div></div></div></li><li tabindex="-1" class="css-0"><div class="css-f5i5wc"><div class="chakra-linkbox css-vhnn8v"><div data-testid="product-image" class="css-16dr4ly"><img alt="null Cantaloupe 1 ea, $3.99/1ea" src="https://assets.shop.loblaws.ca/products/20167017001/b1/en/front/20167017001_front_a01_@2.png" srcset="https://assets.shop.loblaws.ca/products/20167017001/b1/en/front/20167017001_front_a01_@2.png 1x, https://assets.shop.loblaws.ca/products/20167017001/b1/en/front/20167017001_front_a01_@2.png 2x" loading="lazy" class="chakra-image css-oguq8l" aria-hidden="true"></div><div class="css-qoklea"><div class="css-12dchmx"></div><div data-testid="price-product-tile" class="css-8atqhb"><p class="chakra-text css-0"><span class="chakra-text css-o93gbd" data-testid="sale-price"><span class="css-idkz9h">$3.99</span>$3.99</span><span class="chakra-text css-623q5h" data-testid="was-price"><span class="css-idkz9h">$4.99</span>$4.99</span></p><p class="chakra-text css-1m5a6y8" data-testid="price-descriptor">SAVE $1.00</p></div><a href="/cantaloupe/p/20167017001_EA?source=nspt" class="chakra-linkbox__overlay css-1hnz6hu"><div class="css-0"><h3 class="chakra-heading css-6qrhwc" id="20167017001_EA" data-testid="product-title">Cantaloupe</h3><p class="chakra-text css-1yftjin" data-testid="product-package-size">1 ea, $3.99/1ea</p></div></a><div class="css-8keand"></div></div><div class="css-1q5omjq"><div class="css-fcebb8"><div data-testid="atc-compact" class="css-y94ivq" style="width: 45px;"><button type="button" class="chakra-button css-mudsm6" data-testid="atc-button"><svg stroke="currentColor" fill="currentColor" stroke-width="0" viewBox="0 0 24 24" focusable="false" class="chakra-icon css-1g3sp7a" data-testid="btn-icon" aria-hidden="true" height="1em" width="1em" xmlns="http://www.w3.org/2000/svg"><path d="M19 13h-6v6h-2v-6H5v-2h6V5h2v6h6v2z"></path></svg><span class="css-idkz9h">Add Cantaloupe to cart</span></button></div></div></div></div></div></li><li tabindex="-1" class="css-0"><div class="css-f5i5wc"><div class="chakra-linkbox css-vhnn8v"><div data-testid="product-image" class="css-16dr4ly"><img alt="Blue Tide Tuna Sashimi, Frozen 100 g, $7.99/100g" src="https://assets.shop.loblaws.ca/products/21563038/b1/en/front/21563038_front_a01_@2.png" srcset="https://assets.shop.loblaws.ca/products/21563038/b1/en/front/21563038_front_a01_@2.png 1x, https://assets.shop.loblaws.ca/products/21563038/b1/en/front/21563038_front_a01_@2.png 2x" loading="lazy" class="chakra-image css-oguq8l" aria-hidden="true"></div><div class="css-qoklea"><div class="css-12dchmx"></div><div data-testid="price-product-tile" class="css-8atqhb"><p class="chakra-text css-0"><span class="chakra-text css-pwnbcb" data-testid="regular-price"><span class="css-idkz9h">$7.99</span>$7.99</span></p></div><a href="/tuna-sashimi-frozen/p/21563038_EA?source=nspt" class="chakra-linkbox__overlay css-1hnz6hu"><div class="css-0"><p class="chakra-text css-1ecdp9w" data-testid="product-brand">Blue Tide</p><h3 class="chakra-heading css-6qrhwc" id="21563038_EA" data-testid="product-title">Tuna Sashimi, Frozen</h3><p class="chakra-text css-1yftjin" data-testid="product-package-size">100 g, $7.99/100g</p></div></a><div class="css-8keand"></div></div><div class="css-1q5omjq"><div class="css-fcebb8"><div data-testid="atc-compact" class="css-y94ivq" style="width: 45px;"><button disabled="" type="button" class="chakra-button css-mudsm6" data-testid="atc-button"><svg stroke="currentColor" fill="currentColor" stroke-width="0" viewBox="0 0 24 24" focusable="false" class="chakra-icon css-1g3sp7a" data-testid="btn-icon" aria-hidden="true" height="1em" width="1em" xmlns="http://www.w3.org/2000/svg"><path d="M19 13h-6v6h-2v-6H5v-2h6V5h2v6h6v2z"></path></svg><span class="css-idkz9h">Add Tuna Sashimi, Frozen to cart</span></button></div></div><div class="css-4saf4a"><p class="chakra-text css-py8788" data-testid="inventory-badge-text">Out of Stock</p></div></div></div></div></li><li tabindex="-1" class="css-0"><div class="css-f5i5wc"><div class="chakra-linkbox css-vhnn8v"><div data-testid="product-image" class="css-16dr4ly"><img alt="Schneider Juicy Jumbos All Beef Hot Dogs 375 g, $1.86/100g" src="https://assets.shop.loblaws.ca/products/20770591/b1/en/front/20770591_front_a01_@2.png" srcset="https://assets.shop.loblaws.ca/products/20770591/b1/en/front/20770591_front_a01_@2.png 1x, https://assets.shop.loblaws.ca/products/20770591/b1/en/front/20770591_front_a01_@2.png 2x" loading="lazy" class="chakra-image css-oguq8l" aria-hidden="true"></div><div class="css-qoklea"><div class="css-12dchmx"></div><div data-testid="price-product-tile" class="css-8atqhb"><p class="chakra-text css-0"><span class="chakra-text css-o93gbd" data-testid="sale-price"><span class="css-idkz9h">$6.99</span>$6.99</span><span class="chakra-text css-623q5h" data-testid="was-price"><span class="css-idkz9h">$10.49</span>$10.49</span></p><p class="chakra-text css-1m5a6y8" data-testid="price-descriptor">SAVE $3.50</p></div><a href="/juicy-jumbos-all-beef-hot-dogs/p/20770591_EA?source=nspt" class="chakra-linkbox__overlay css-1hnz6hu"><div class="css-0"><p class="chakra-text css-1ecdp9w" data-testid="product-brand">Schneider</p><h3 class="chakra-heading css-6qrhwc" id="20770591_EA" data-testid="product-title">Juicy Jumbos All Beef Hot Dogs</h3><p class="chakra-text css-1yftjin" data-testid="product-package-size">375 g, $1.86/100g</p></div></a><div class="css-8keand"></div></div><div class="css-1q5omjq"><div class="css-fcebb8"><div data-testid="atc-compact" class="css-y94ivq" style="width: 45px;"><button type="button" class="chakra-button css-mudsm6" data-testid="atc-button"><svg stroke="currentColor" fill="currentColor" stroke-width="0" viewBox="0 0 24 24" focusable="false" class="chakra-icon css-1g3sp7a" data-testid="btn-icon" aria-hidden="true" height="1em" width="1em" xmlns="http://www.w3.org/2000/svg"><path d="M19 13h-6v6h-2v-6H5v-2h6V5h2v6h6v2z"></path></svg><span class="css-idkz9h">Add Juicy Jumbos All Beef Hot Dogs to cart</span></button></div></div></div></div></div></li><li tabindex="-1" class="css-0"><div class="css-f5i5wc"><div class="chakra-linkbox css-vhnn8v"><div data-testid="product-image" class="css-16dr4ly"><img alt="President's Choice Free From Angus Beef Burger 1.02 kg, $1.67/100g" src="https://assets.shop.loblaws.ca/products/20862651/b1/en/front/20862651_front_a01_@2.png" srcset="https://assets.shop.loblaws.ca/products/20862651/b1/en/front/20862651_front_a01_@2.png 1x, https://assets.shop.loblaws.ca/products/20862651/b1/en/front/20862651_front_a01_@2.png 2x" loading="lazy" class="chakra-image css-oguq8l" aria-hidden="true"></div><div class="css-qoklea"><div class="css-12dchmx"></div><div data-testid="price-product-tile" class="css-8atqhb"><p class="chakra-text css-0"><span class="chakra-text css-o93gbd" data-testid="sale-price"><span class="css-idkz9h">$15.00 MIN 2</span>$15.00 MIN 2</span></p><p class="chakra-text css-0"><span class="chakra-text css-1wji473" data-testid="non-members-price"><span class="css-idkz9h">$16.99</span>$16.99</span><span class="chakra-text css-esi4gg" data-testid="was-price"><span class="css-idkz9h"></span></span></p></div><a href="/free-from-angus-beef-burger/p/20862651_EA?source=nspt" class="chakra-linkbox__overlay css-1hnz6hu"><div class="css-0"><p class="chakra-text css-1ecdp9w" data-testid="product-brand">President's Choice</p><h3 class="chakra-heading css-6qrhwc" id="20862651_EA" data-testid="product-title">Free From Angus Beef Burger</h3><p class="chakra-text css-1yftjin" data-testid="product-package-size">1.02 kg, $1.67/100g</p></div></a><div class="css-8keand"></div></div><div class="css-1q5omjq"><div class="css-fcebb8"><div data-testid="atc-compact" class="css-y94ivq" style="width: 45px;"><button type="button" class="chakra-button css-mudsm6" data-testid="atc-button"><svg stroke="currentColor" fill="currentColor" stroke-width="0" viewBox="0 0 24 24" focusable="false" class="chakra-icon css-1g3sp7a" data-testid="btn-icon" aria-hidden="true" height="1em" width="1em" xmlns="http://www.w3.org/2000/svg"><path d="M19 13h-6v6h-2v-6H5v-2h6V5h2v6h6v2z"></path></svg><span class="css-idkz9h">Add Free From Angus Beef Burger to cart</span></button></div></div></div></div></div></li><li tabindex="-1" class="css-0"><div class="css-f5i5wc"><div class="chakra-linkbox css-vhnn8v"><div data-testid="product-image" class="css-16dr4ly"><img alt="Sea Crave Wild Pacific Halibut 260 g, $8.46/100g" src="https://assets.shop.loblaws.ca/products/21560087/b1/en/front/21560087_front_a01_@2.png" srcset="https://assets.shop.loblaws.ca/products/21560087/b1/en/front/21560087_front_a01_@2.png 1x, https://assets.shop.loblaws.ca/products/21560087/b1/en/front/21560087_front_a01_@2.png 2x" loading="lazy" class="chakra-image css-oguq8l" aria-hidden="true"></div><div class="css-qoklea"><div class="css-12dchmx"></div><div data-testid="price-product-tile" class="css-8atqhb"><p class="chakra-text css-0"><span class="chakra-text css-o93gbd" data-testid="sale-price"><span class="css-idkz9h">$22.00</span>$22.00</span><span class="chakra-text css-623q5h" data-testid="was-price"><span class="css-idkz9h">$30.00</span>$30.00</span></p><p class="chakra-text css-1m5a6y8" data-testid="price-descriptor">SAVE $8.00</p></div><a href="/wild-pacific-halibut/p/21560087_EA?source=nspt" class="chakra-linkbox__overlay css-1hnz6hu"><div class="css-0"><p class="chakra-text css-1ecdp9w" data-testid="product-brand">Sea Crave</p><h3 class="chakra-heading css-6qrhwc" id="21560087_EA" data-testid="product-title">Wild Pacific Halibut</h3><p class="chakra-text css-1yftjin" data-testid="product-package-size">260 g, $8.46/100g</p></div></a><div class="css-8keand"></div></div><div class="css-1q5omjq"><div class="css-fcebb8"><div data-testid="atc-compact" class="css-y94ivq" style="width: 45px;"><button type="button" class="chakra-button css-mudsm6" data-testid="atc-button"><svg stroke="currentColor" fill="currentColor" stroke-width="0" viewBox="0 0 24 24" focusable="false" class="chakra-icon css-1g3sp7a" data-testid="btn-icon" aria-hidden="true" height="1em" width="1em" xmlns="http://www.w3.org/2000/svg"><path d="M19 13h-6v6h-2v-6H5v-2h6V5h2v6h6v2z"></path></svg><span class="css-idkz9h">Add Wild Pacific Halibut to cart</span></button></div></div><div class="css-4saf4a"><p class="chakra-text css-py8788" data-testid="inventory-badge-text">Low Stock</p></div></div></div></div></li><li tabindex="-1" class="css-0"><div class="css-f5i5wc"><div class="chakra-linkbox css-vhnn8v"><div data-testid="product-image" class="css-16dr4ly"><img alt="ACE Classic Gourmet Sausage Buns 340 g, $1.41/100g" src="https://assets.shop.loblaws.ca/products/21025441/b1/en/front/21025441_front_a01_@2.png" srcset="https://assets.shop.loblaws.ca/products/21025441/b1/en/front/21025441_front_a01_@2.png 1x, https://assets.shop.loblaws.ca/products/21025441/b1/en/front/21025441_front_a01_@2.png 2x" loading="lazy" class="chakra-image css-oguq8l" aria-hidden="true"></div><div class="css-qoklea"><div class="css-12dchmx"></div><div data-testid="price-product-tile" class="css-8atqhb"><p class="chakra-text css-0"><span class="chakra-text css-pwnbcb" data-testid="regular-price"><span class="css-idkz9h">$4.79</span>$4.79</span></p></div><a href="/classic-gourmet-sausage-buns/p/21025441_EA?source=nspt" class="chakra-linkbox__overlay css-1hnz6hu"><div class="css-0"><p class="chakra-text css-1ecdp9w" data-testid="product-brand">ACE</p><h3 class="chakra-heading css-6qrhwc" id="21025441_EA" data-testid="product-title">Classic Gourmet Sausage Buns</h3><p class="chakra-text css-1yftjin" data-testid="product-package-size">340 g, $1.41/100g</p></div></a><div class="css-8keand"></div></div><div class="css-1q5omjq"><div class="css-fcebb8"><div data-testid="atc-compact" class="css-y94ivq" style="width: 45px;"><button type="button" class="chakra-button css-mudsm6" data-testid="atc-button"><svg stroke="currentColor" fill="currentColor" stroke-width="0" viewBox="0 0 24 24" focusable="false" class="chakra-icon css-1g3sp7a" data-testid="btn-icon" aria-hidden="true" height="1em" width="1em" xmlns="http://www.w3.org/2000/svg"><path d="M19 13h-6v6h-2v-6H5v-2h6V5h2v6h6v2z"></path></svg><span class="css-idkz9h">Add Classic Gourmet Sausage Buns to cart</span></button></div></div></div></div></div></li><li tabindex="-1" class="css-0"><div class="css-f5i5wc"><div class="chakra-linkbox css-vhnn8v"><div data-testid="product-image" class="css-16dr4ly"><img alt="D'Italiano Thick Slices Bread 675 g, $0.59/100g" src="https://assets.shop.loblaws.ca/products/20038335/b1/en/front/20038335_front_a01_@2.png" srcset="https://assets.shop.loblaws.ca/products/20038335/b1/en/front/20038335_front_a01_@2.png 1x, https://assets.shop.loblaws.ca/products/20038335/b1/en/front/20038335_front_a01_@2.png 2x" loading="lazy" class="chakra-image css-oguq8l" aria-hidden="true"></div><div class="css-qoklea"><div class="css-12dchmx"></div><div data-testid="price-product-tile" class="css-8atqhb"><p class="chakra-text css-0"><span class="chakra-text css-o93gbd" data-testid="sale-price"><span class="css-idkz9h">$3.50 MIN 2</span>$3.50 MIN 2</span></p><p class="chakra-text css-0"><span class="chakra-text css-1wji473" data-testid="non-members-price"><span class="css-idkz9h">$3.99</span>$3.99</span><span class="chakra-text css-esi4gg" data-testid="was-price"><span class="css-idkz9h"></span></span></p></div><a href="/thick-slices-bread/p/20038335_EA?source=nspt" class="chakra-linkbox__overlay css-1hnz6hu"><div class="css-0"><p class="chakra-text css-1ecdp9w" data-testid="product-brand">D'Italiano</p><h3 class="chakra-heading css-6qrhwc" id="20038335_EA" data-testid="product-title">Thick Slices Bread</h3><p class="chakra-text css-1yftjin" data-testid="product-package-size">675 g, $0.59/100g</p></div></a><div class="css-8keand"></div></div><div class="css-1q5omjq"><div class="css-fcebb8"><div data-testid="atc-compact" class="css-y94ivq" style="width: 45px;"><button type="button" class="chakra-button css-mudsm6" data-testid="atc-button"><svg stroke="currentColor" fill="currentColor" stroke-width="0" viewBox="0 0 24 24" focusable="false" class="chakra-icon css-1g3sp7a" data-testid="btn-icon" aria-hidden="true" height="1em" width="1em" xmlns="http://www.w3.org/2000/svg"><path d="M19 13h-6v6h-2v-6H5v-2h6V5h2v6h6v2z"></path></svg><span class="css-idkz9h">Add Thick Slices Bread to cart</span></button></div></div></div></div></div></li><li tabindex="-1" class="css-0"><div class="css-f5i5wc"><div class="chakra-linkbox css-vhnn8v"><div data-testid="product-image" class="css-16dr4ly"><img alt="La Rocca 6 Inch Red Velvet Cake 600 g, $3.33/100g" src="https://assets.shop.loblaws.ca/products/20598232/b1/en/front/20598232_front_a01_@2.png" srcset="https://assets.shop.loblaws.ca/products/20598232/b1/en/front/20598232_front_a01_@2.png 1x, https://assets.shop.loblaws.ca/products/20598232/b1/en/front/20598232_front_a01_@2.png 2x" loading="lazy" class="chakra-image css-oguq8l" aria-hidden="true"></div><div class="css-qoklea"><div class="css-12dchmx"></div><div data-testid="price-product-tile" class="css-8atqhb"><p class="chakra-text css-0"><span class="chakra-text css-o93gbd" data-testid="sale-price"><span class="css-idkz9h">$19.99</span>$19.99</span><span class="chakra-text css-623q5h" data-testid="was-price"><span class="css-idkz9h">$20.99</span>$20.99</span></p><p class="chakra-text css-1m5a6y8" data-testid="price-descriptor">SAVE $1.00</p></div><a href="/6-inch-red-velvet-cake/p/20598232_EA?source=nspt" class="chakra-linkbox__overlay css-1hnz6hu"><div class="css-0"><p class="chakra-text css-1ecdp9w" data-testid="product-brand">La Rocca</p><h3 class="chakra-heading css-6qrhwc" id="20598232_EA" data-testid="product-title">6 Inch Red Velvet Cake</h3><p class="chakra-text css-1yftjin" data-testid="product-package-size">600 g, $3.33/100g</p></div></a><div class="css-8keand"></div></div><div class="css-1q5omjq"><div class="css-fcebb8"><div data-testid="atc-compact" class="css-y94ivq" style="width: 45px;"><button type="button" class="chakra-button css-mudsm6" data-testid="atc-button"><svg stroke="currentColor" fill="currentColor" stroke-width="0" viewBox="0 0 24 24" focusable="false" class="chakra-icon css-1g3sp7a" data-testid="btn-icon" aria-hidden="true" height="1em" width="1em" xmlns="http://www.w3.org/2000/svg"><path d="M19 13h-6v6h-2v-6H5v-2h6V5h2v6h6v2z"></path></svg><span class="css-idkz9h">Add 6 Inch Red Velvet Cake to cart</span></button></div></div></div></div></div></li><li tabindex="-1" class="css-0"><div class="css-f5i5wc"><div class="chakra-linkbox css-vhnn8v"><div data-testid="product-image" class="css-16dr4ly"><img alt="PC Splendido Prosciutto $45.90/1kg" src="https://assets.shop.loblaws.ca/products/21049241/b1/en/front/21049241_front_a01_@2.png" srcset="https://assets.shop.loblaws.ca/products/21049241/b1/en/front/21049241_front_a01_@2.png 1x, https://assets.shop.loblaws.ca/products/21049241/b1/en/front/21049241_front_a01_@2.png 2x" loading="lazy" class="chakra-image css-oguq8l" aria-hidden="true"></div><div class="css-qoklea"><div class="css-12dchmx"></div><div data-testid="price-product-tile" class="css-8atqhb"><p class="chakra-text css-0"><span class="chakra-text css-pwnbcb" data-testid="regular-price"><span class="css-idkz9h">$4.59</span>$4.59</span></p></div><a href="/prosciutto/p/21049241_KG?source=nspt" class="chakra-linkbox__overlay css-1hnz6hu"><div class="css-0"><p class="chakra-text css-1ecdp9w" data-testid="product-brand">PC Splendido</p><h3 class="chakra-heading css-6qrhwc" id="21049241_KG" data-testid="product-title">Prosciutto</h3><p class="chakra-text css-1yftjin" data-testid="product-package-size">$45.90/1kg</p></div></a><div class="css-8keand"></div></div><div class="css-1q5omjq"><div class="css-fcebb8"><div data-testid="atc-compact" class="css-y94ivq" style="width: 45px;"><button type="button" class="chakra-button css-mudsm6" data-testid="atc-button"><svg stroke="currentColor" fill="currentColor" stroke-width="0" viewBox="0 0 24 24" focusable="false" class="chakra-icon css-1g3sp7a" data-testid="btn-icon" aria-hidden="true" height="1em" width="1em" xmlns="http://www.w3.org/2000/svg"><path d="M19 13h-6v6h-2v-6H5v-2h6V5h2v6h6v2z"></path></svg><span class="css-idkz9h">Add Prosciutto to cart</span></button></div></div></div></div></div></li><li tabindex="-1" class="css-0"><div class="css-f5i5wc"><div class="chakra-linkbox css-vhnn8v"><div data-testid="product-image" class="css-16dr4ly"><img alt="Maple Leaf Natural Selections Sliced Black Forest Deli Ham, Smoked 175 g, $45.71/1kg $4.57/100g" src="https://assets.shop.loblaws.ca/products/20065285/b1/en/front/20065285_front_a01_@2.png" srcset="https://assets.shop.loblaws.ca/products/20065285/b1/en/front/20065285_front_a01_@2.png 1x, https://assets.shop.loblaws.ca/products/20065285/b1/en/front/20065285_front_a01_@2.png 2x" loading="lazy" class="chakra-image css-oguq8l" aria-hidden="true"></div><div class="css-qoklea"><div class="css-12dchmx"></div><div data-testid="price-product-tile" class="css-8atqhb"><p class="chakra-text css-0"><span class="chakra-text css-o93gbd" data-testid="sale-price"><span class="css-idkz9h">$8.00</span>$8.00</span><span class="chakra-text css-623q5h" data-testid="was-price"><span class="css-idkz9h">$8.49</span>$8.49</span></p><p class="chakra-text css-1m5a6y8" data-testid="price-descriptor">SAVE $0.49</p></div><a href="/natural-selections-sliced-black-forest-deli-ham-sm/p/20065285_EA?source=nspt" class="chakra-linkbox__overlay css-1hnz6hu"><div class="css-0"><p class="chakra-text css-1ecdp9w" data-testid="product-brand">Maple Leaf</p><h3 class="chakra-heading css-6qrhwc" id="20065285_EA" data-testid="product-title">Natural Selections Sliced Black Forest Deli Ham, Smoked</h3><p class="chakra-text css-1yftjin" data-testid="product-package-size">175 g, $45.71/1kg $4.57/100g</p></div></a><div class="css-8keand"><p class="chakra-text css-wytexo" data-testid="product-pco-badge">PC Optimum Offer</p></div></div><div class="css-1q5omjq"><div class="css-fcebb8"><div data-testid="atc-compact" class="css-y94ivq" style="width: 45px;"><button type="button" class="chakra-button css-mudsm6" data-testid="atc-button"><svg stroke="currentColor" fill="currentColor" stroke-width="0" viewBox="0 0 24 24" focusable="false" class="chakra-icon css-1g3sp7a" data-testid="btn-icon" aria-hidden="true" height="1em" width="1em" xmlns="http://www.w3.org/2000/svg"><path d="M19 13h-6v6h-2v-6H5v-2h6V5h2v6h6v2z"></path></svg><span class="css-idkz9h">Add Natural Selections Sliced Black Forest Deli Ham, Smoked to cart</span></button></div></div></div></div></div></li><li tabindex="-1" class="css-0"><div class="css-f5i5wc"><div class="chakra-linkbox css-vhnn8v"><div data-testid="product-image" class="css-16dr4ly"><img alt="Sunrise Tofu, Extra Firm 350 g, $0.86/100g" src="https://assets.shop.loblaws.ca/products/20570507/b1/en/front/20570507_front_a01_@2.png" srcset="https://assets.shop.loblaws.ca/products/20570507/b1/en/front/20570507_front_a01_@2.png 1x, https://assets.shop.loblaws.ca/products/20570507/b1/en/front/20570507_front_a01_@2.png 2x" loading="lazy" class="chakra-image css-oguq8l" aria-hidden="true"></div><div class="css-qoklea"><div class="css-12dchmx"></div><div data-testid="price-product-tile" class="css-8atqhb"><p class="chakra-text css-0"><span class="chakra-text css-o93gbd" data-testid="sale-price"><span class="css-idkz9h">$2.50 MIN 2</span>$2.50 MIN 2</span></p><p class="chakra-text css-0"><span class="chakra-text css-1wji473" data-testid="non-members-price"><span class="css-idkz9h">$3.00</span>$3.00</span><span class="chakra-text css-esi4gg" data-testid="was-price"><span class="css-idkz9h"></span></span></p></div><a href="/tofu-extra-firm/p/20570507_EA?source=nspt" class="chakra-linkbox__overlay css-1hnz6hu"><div class="css-0"><p class="chakra-text css-1ecdp9w" data-testid="product-brand">Sunrise</p><h3 class="chakra-heading css-6qrhwc" id="20570507_EA" data-testid="product-title">Tofu, Extra Firm</h3><p class="chakra-text css-1yftjin" data-testid="product-package-size">350 g, $0.86/100g</p></div></a><div class="css-8keand"></div></div><div class="css-1q5omjq"><div class="css-fcebb8"><div data-testid="atc-compact" class="css-y94ivq" style="width: 45px;"><button type="button" class="chakra-button css-mudsm6" data-testid="atc-button"><svg stroke="currentColor" fill="currentColor" stroke-width="0" viewBox="0 0 24 24" focusable="false" class="chakra-icon css-1g3sp7a" data-testid="btn-icon" aria-hidden="true" height="1em" width="1em" xmlns="http://www.w3.org/2000/svg"><path d="M19 13h-6v6h-2v-6H5v-2h6V5h2v6h6v2z"></path></svg><span class="css-idkz9h">Add Tofu, Extra Firm to cart</span></button></div></div></div></div></div></li><li tabindex="-1" class="css-0"><div class="css-f5i5wc"><div class="chakra-linkbox css-vhnn8v"><div data-testid="product-image" class="css-16dr4ly"><img alt="Smart Food White Cheddar flavour seasoned popcorn 200g 200 g, $1.50/100g" src="https://assets.shop.loblaws.ca/products/20972859/b1/en/front/20972859_front_a01_@2.png" srcset="https://assets.shop.loblaws.ca/products/20972859/b1/en/front/20972859_front_a01_@2.png 1x, https://assets.shop.loblaws.ca/products/20972859/b1/en/front/20972859_front_a01_@2.png 2x" loading="lazy" class="chakra-image css-oguq8l" aria-hidden="true"></div><div class="css-qoklea"><div class="css-12dchmx"></div><div data-testid="price-product-tile" class="css-8atqhb"><p class="chakra-text css-0"><span class="chakra-text css-o93gbd" data-testid="sale-price"><span class="css-idkz9h">$3.00</span>$3.00</span><span class="chakra-text css-623q5h" data-testid="was-price"><span class="css-idkz9h">$5.00</span>$5.00</span></p><p class="chakra-text css-1m5a6y8" data-testid="price-descriptor">SAVE $2.00</p></div><a href="/white-cheddar-flavour-seasoned-popcorn-200g/p/20972859_EA?source=nspt" class="chakra-linkbox__overlay css-1hnz6hu"><div class="css-0"><p class="chakra-text css-1ecdp9w" data-testid="product-brand">Smart Food</p><h3 class="chakra-heading css-6qrhwc" id="20972859_EA" data-testid="product-title">White Cheddar flavour seasoned popcorn 200g</h3><p class="chakra-text css-1yftjin" data-testid="product-package-size">200 g, $1.50/100g</p></div></a><div class="css-8keand"></div></div><div class="css-1q5omjq"><div class="css-fcebb8"><div data-testid="atc-compact" class="css-y94ivq" style="width: 45px;"><button type="button" class="chakra-button css-mudsm6" data-testid="atc-button"><svg stroke="currentColor" fill="currentColor" stroke-width="0" viewBox="0 0 24 24" focusable="false" class="chakra-icon css-1g3sp7a" data-testid="btn-icon" aria-hidden="true" height="1em" width="1em" xmlns="http://www.w3.org/2000/svg"><path d="M19 13h-6v6h-2v-6H5v-2h6V5h2v6h6v2z"></path></svg><span class="css-idkz9h">Add White Cheddar flavour seasoned popcorn 200g to cart</span></button></div></div></div></div></div></li><li tabindex="-1" class="css-0"><div class="css-f5i5wc"><div class="chakra-linkbox css-vhnn8v"><div data-testid="product-image" class="css-16dr4ly"><img alt="PC Blue Menu Wild Sockeye Salmon Burger 568 g, $1.93/100g" src="https://assets.shop.loblaws.ca/products/20650417/b1/en/front/20650417_front_a01_@2.png" srcset="https://assets.shop.loblaws.ca/products/20650417/b1/en/front/20650417_front_a01_@2.png 1x, https://assets.shop.loblaws.ca/products/20650417/b1/en/front/20650417_front_a01_@2.png 2x" loading="lazy" class="chakra-image css-oguq8l" aria-hidden="true"></div><div class="css-qoklea"><div class="css-12dchmx"></div><div data-testid="price-product-tile" class="css-8atqhb"><p class="chakra-text css-0"><span class="chakra-text css-o93gbd" data-testid="sale-price"><span class="css-idkz9h">$10.99</span>$10.99</span><span class="chakra-text css-623q5h" data-testid="was-price"><span class="css-idkz9h">$17.99</span>$17.99</span></p><p class="chakra-text css-1m5a6y8" data-testid="price-descriptor">SAVE $7.00</p></div><a href="/wild-sockeye-salmon-burger/p/20650417_EA?source=nspt" class="chakra-linkbox__overlay css-1hnz6hu"><div class="css-0"><p class="chakra-text css-1ecdp9w" data-testid="product-brand">PC Blue Menu</p><h3 class="chakra-heading css-6qrhwc" id="20650417_EA" data-testid="product-title">Wild Sockeye Salmon Burger</h3><p class="chakra-text css-1yftjin" data-testid="product-package-size">568 g, $1.93/100g</p></div></a><div class="css-8keand"></div></div><div class="css-1q5omjq"><div class="css-fcebb8"><div data-testid="atc-compact" class="css-y94ivq" style="width: 45px;"><button type="button" class="chakra-button css-mudsm6" data-testid="atc-button"><svg stroke="currentColor" fill="currentColor" stroke-width="0" viewBox="0 0 24 24" focusable="false" class="chakra-icon css-1g3sp7a" data-testid="btn-icon" aria-hidden="true" height="1em" width="1em" xmlns="http://www.w3.org/2000/svg"><path d="M19 13h-6v6h-2v-6H5v-2h6V5h2v6h6v2z"></path></svg><span class="css-idkz9h">Add Wild Sockeye Salmon Burger to cart</span></button></div></div></div></div></div></li><li tabindex="-1" class="css-0"><div class="css-f5i5wc"><div class="chakra-linkbox css-vhnn8v"><div data-testid="product-image" class="css-16dr4ly"><img alt="Mr Noodles Instant Noodles Chicken Flavour 85 g, $0.47/100g" src="https://assets.shop.loblaws.ca/products/20322658001/b1/en/front/20322658001_front_a01_@2.png" srcset="https://assets.shop.loblaws.ca/products/20322658001/b1/en/front/20322658001_front_a01_@2.png 1x, https://assets.shop.loblaws.ca/products/20322658001/b1/en/front/20322658001_front_a01_@2.png 2x" loading="lazy" class="chakra-image css-oguq8l" aria-hidden="true"></div><div class="css-qoklea"><div class="css-12dchmx"></div><div data-testid="price-product-tile" class="css-8atqhb"><p class="chakra-text css-0"><span class="chakra-text css-o93gbd" data-testid="sale-price"><span class="css-idkz9h">$0.40</span>$0.40</span><span class="chakra-text css-623q5h" data-testid="was-price"><span class="css-idkz9h">$0.69</span>$0.69</span></p><p class="chakra-text css-1m5a6y8" data-testid="price-descriptor">SAVE $0.29</p></div><a href="/instant-noodles-chicken-flavour/p/20322658001_EA?source=nspt" class="chakra-linkbox__overlay css-1hnz6hu"><div class="css-0"><p class="chakra-text css-1ecdp9w" data-testid="product-brand">Mr Noodles</p><h3 class="chakra-heading css-6qrhwc" id="20322658001_EA" data-testid="product-title">Instant Noodles Chicken Flavour</h3><p class="chakra-text css-1yftjin" data-testid="product-package-size">85 g, $0.47/100g</p></div></a><div class="css-8keand"></div></div><div class="css-1q5omjq"><div class="css-fcebb8"><div data-testid="atc-compact" class="css-y94ivq" style="width: 45px;"><button type="button" class="chakra-button css-mudsm6" data-testid="atc-button"><svg stroke="currentColor" fill="currentColor" stroke-width="0" viewBox="0 0 24 24" focusable="false" class="chakra-icon css-1g3sp7a" data-testid="btn-icon" aria-hidden="true" height="1em" width="1em" xmlns="http://www.w3.org/2000/svg"><path d="M19 13h-6v6h-2v-6H5v-2h6V5h2v6h6v2z"></path></svg><span class="css-idkz9h">Add Instant Noodles Chicken Flavour to cart</span></button></div></div></div></div></div></li><li tabindex="-1" class="css-0"><div class="css-f5i5wc"><div class="chakra-linkbox css-vhnn8v"><div data-testid="product-image" class="css-16dr4ly"><img alt="Chapmans Super Premium Plus Ice Cream Salty Caramel Crunch 500 ml, $0.80/100ml" src="https://assets.shop.loblaws.ca/products/21511147/b1/en/front/21511147_front_a01_@2.png" srcset="https://assets.shop.loblaws.ca/products/21511147/b1/en/front/21511147_front_a01_@2.png 1x, https://assets.shop.loblaws.ca/products/21511147/b1/en/front/21511147_front_a01_@2.png 2x" loading="lazy" class="chakra-image css-oguq8l" aria-hidden="true"></div><div class="css-qoklea"><div class="css-12dchmx"></div><div data-testid="price-product-tile" class="css-8atqhb"><p class="chakra-text css-0"><span class="chakra-text css-o93gbd" data-testid="sale-price"><span class="css-idkz9h">$3.99</span>$3.99</span><span class="chakra-text css-623q5h" data-testid="was-price"><span class="css-idkz9h">$4.99</span>$4.99</span></p><p class="chakra-text css-1m5a6y8" data-testid="price-descriptor">SAVE $1.00</p></div><a href="/super-premium-plus-ice-cream-salty-caramel-crunch/p/21511147_EA?source=nspt" class="chakra-linkbox__overlay css-1hnz6hu"><div class="css-0"><p class="chakra-text css-1ecdp9w" data-testid="product-brand">Chapmans</p><h3 class="chakra-heading css-6qrhwc" id="21511147_EA" data-testid="product-title">Super Premium Plus Ice Cream Salty Caramel Crunch</h3><p class="chakra-text css-1yftjin" data-testid="product-package-size">500 ml, $0.80/100ml</p></div></a><div class="css-8keand"><p class="chakra-text css-wytexo" data-testid="product-pco-badge">1,000 PC Optimum Points</p></div></div><div class="css-1q5omjq"><div class="css-fcebb8"><div data-testid="atc-compact" class="css-y94ivq" style="width: 45px;"><button type="button" class="chakra-button css-mudsm6" data-testid="atc-button"><svg stroke="currentColor" fill="currentColor" stroke-width="0" viewBox="0 0 24 24" focusable="false" class="chakra-icon css-1g3sp7a" data-testid="btn-icon" aria-hidden="true" height="1em" width="1em" xmlns="http://www.w3.org/2000/svg"><path d="M19 13h-6v6h-2v-6H5v-2h6V5h2v6h6v2z"></path></svg><span class="css-idkz9h">Add Super Premium Plus Ice Cream Salty Caramel Crunch to cart</span></button></div></div></div></div></div></li><li tabindex="-1" class="css-0"><div class="css-f5i5wc"><div class="chakra-linkbox css-vhnn8v"><div data-testid="product-image" class="css-16dr4ly"><img alt="Dare Bear Paws Chocolate Chip Cookies 240 g, $1.87/100g" src="https://assets.shop.loblaws.ca/products/21080791/b1/en/front/21080791_front_a01_@2.png" srcset="https://assets.shop.loblaws.ca/products/21080791/b1/en/front/21080791_front_a01_@2.png 1x, https://assets.shop.loblaws.ca/products/21080791/b1/en/front/21080791_front_a01_@2.png 2x" loading="lazy" class="chakra-image css-oguq8l" aria-hidden="true"></div><div class="css-qoklea"><div class="css-12dchmx"></div><div data-testid="price-product-tile" class="css-8atqhb"><p class="chakra-text css-0"><span class="chakra-text css-o93gbd" data-testid="sale-price"><span class="css-idkz9h">$3.50 MIN 2</span>$3.50 MIN 2</span></p><p class="chakra-text css-0"><span class="chakra-text css-1wji473" data-testid="non-members-price"><span class="css-idkz9h">$4.49</span>$4.49</span><span class="chakra-text css-esi4gg" data-testid="was-price"><span class="css-idkz9h"></span></span></p></div><a href="/bear-paws-chocolate-chip-cookies/p/21080791_EA?source=nspt" class="chakra-linkbox__overlay css-1hnz6hu"><div class="css-0"><p class="chakra-text css-1ecdp9w" data-testid="product-brand">Dare</p><h3 class="chakra-heading css-6qrhwc" id="21080791_EA" data-testid="product-title">Bear Paws Chocolate Chip Cookies</h3><p class="chakra-text css-1yftjin" data-testid="product-package-size">240 g, $1.87/100g</p></div></a><div class="css-8keand"></div></div><div class="css-1q5omjq"><div class="css-fcebb8"><div data-testid="atc-compact" class="css-y94ivq" style="width: 45px;"><button type="button" class="chakra-button css-mudsm6" data-testid="atc-button"><svg stroke="currentColor" fill="currentColor" stroke-width="0" viewBox="0 0 24 24" focusable="false" class="chakra-icon css-1g3sp7a" data-testid="btn-icon" aria-hidden="true" height="1em" width="1em" xmlns="http://www.w3.org/2000/svg"><path d="M19 13h-6v6h-2v-6H5v-2h6V5h2v6h6v2z"></path></svg><span class="css-idkz9h">Add Bear Paws Chocolate Chip Cookies to cart</span></button></div></div></div></div></div></li><li tabindex="-1" class="css-0"><div class="css-f5i5wc"><div class="chakra-linkbox css-vhnn8v"><div data-testid="product-image" class="css-16dr4ly"><img alt="President's Choice Cheddar&nbsp;Smokies&nbsp; 1 kg, $1.10/100g" src="https://assets.shop.loblaws.ca/products/20732535/b1/en/front/20732535_front_a01_@2.png" srcset="https://assets.shop.loblaws.ca/products/20732535/b1/en/front/20732535_front_a01_@2.png 1x, https://assets.shop.loblaws.ca/products/20732535/b1/en/front/20732535_front_a01_@2.png 2x" loading="lazy" class="chakra-image css-oguq8l" aria-hidden="true"></div><div class="css-qoklea"><div class="css-12dchmx"></div><div data-testid="price-product-tile" class="css-8atqhb"><p class="chakra-text css-0"><span class="chakra-text css-o93gbd" data-testid="sale-price"><span class="css-idkz9h">$10.99</span>$10.99</span><span class="chakra-text css-623q5h" data-testid="was-price"><span class="css-idkz9h">$16.49</span>$16.49</span></p><p class="chakra-text css-1m5a6y8" data-testid="price-descriptor">SAVE $5.50</p></div><a href="/cheddar-smokies/p/20732535_EA?source=nspt" class="chakra-linkbox__overlay css-1hnz6hu"><div class="css-0"><p class="chakra-text css-1ecdp9w" data-testid="product-brand">President's Choice</p><h3 class="chakra-heading css-6qrhwc" id="20732535_EA" data-testid="product-title">Cheddar&nbsp;Smokies&nbsp;</h3><p class="chakra-text css-1yftjin" data-testid="product-package-size">1 kg, $1.10/100g</p></div></a><div class="css-8keand"></div></div><div class="css-1q5omjq"><div class="css-fcebb8"><div data-testid="atc-compact" class="css-y94ivq" style="width: 45px;"><button type="button" class="chakra-button css-mudsm6" data-testid="atc-button"><svg stroke="currentColor" fill="currentColor" stroke-width="0" viewBox="0 0 24 24" focusable="false" class="chakra-icon css-1g3sp7a" data-testid="btn-icon" aria-hidden="true" height="1em" width="1em" xmlns="http://www.w3.org/2000/svg"><path d="M19 13h-6v6h-2v-6H5v-2h6V5h2v6h6v2z"></path></svg><span class="css-idkz9h">Add Cheddar&nbsp;Smokies&nbsp; to cart</span></button></div></div></div></div></div></li><li tabindex="-1" class="css-0"><div class="css-f5i5wc"><div class="chakra-linkbox css-vhnn8v"><div data-testid="product-image" class="css-16dr4ly"><img alt="Haagen Dazs Vanilla Bean Ice Cream 450 ml, $1.11/100ml" src="https://assets.shop.loblaws.ca/products/21513578/b1/en/front/21513578_front_a01_@2.png" srcset="https://assets.shop.loblaws.ca/products/21513578/b1/en/front/21513578_front_a01_@2.png 1x, https://assets.shop.loblaws.ca/products/21513578/b1/en/front/21513578_front_a01_@2.png 2x" loading="lazy" class="chakra-image css-oguq8l" aria-hidden="true"></div><div class="css-qoklea"><div class="css-12dchmx"></div><div data-testid="price-product-tile" class="css-8atqhb"><p class="chakra-text css-0"><span class="chakra-text css-o93gbd" data-testid="sale-price"><span class="css-idkz9h">$4.99</span>$4.99</span><span class="chakra-text css-623q5h" data-testid="was-price"><span class="css-idkz9h">$5.50</span>$5.50</span></p><p class="chakra-text css-1m5a6y8" data-testid="price-descriptor">SAVE $0.51</p></div><a href="/vanilla-bean-ice-cream/p/21513578_EA?source=nspt" class="chakra-linkbox__overlay css-1hnz6hu"><div class="css-0"><p class="chakra-text css-1ecdp9w" data-testid="product-brand">Haagen Dazs</p><h3 class="chakra-heading css-6qrhwc" id="21513578_EA" data-testid="product-title">Vanilla Bean Ice Cream</h3><p class="chakra-text css-1yftjin" data-testid="product-package-size">450 ml, $1.11/100ml</p></div></a><div class="css-8keand"></div></div><div class="css-1q5omjq"><div class="css-fcebb8"><div data-testid="atc-compact" class="css-y94ivq" style="width: 45px;"><button type="button" class="chakra-button css-mudsm6" data-testid="atc-button"><svg stroke="currentColor" fill="currentColor" stroke-width="0" viewBox="0 0 24 24" focusable="false" class="chakra-icon css-1g3sp7a" data-testid="btn-icon" aria-hidden="true" height="1em" width="1em" xmlns="http://www.w3.org/2000/svg"><path d="M19 13h-6v6h-2v-6H5v-2h6V5h2v6h6v2z"></path></svg><span class="css-idkz9h">Add Vanilla Bean Ice Cream to cart</span></button></div></div></div></div></div></li><li tabindex="-1" class="css-0"><div class="css-f5i5wc"><div class="chakra-linkbox css-vhnn8v"><div data-testid="product-image" class="css-16dr4ly"><img alt="Habitant French-Canadian Pea Soup 796 ml, $0.38/100ml" src="https://assets.shop.loblaws.ca/products/20299690001/b1/en/front/20299690001_front_a01_@2.png" srcset="https://assets.shop.loblaws.ca/products/20299690001/b1/en/front/20299690001_front_a01_@2.png 1x, https://assets.shop.loblaws.ca/products/20299690001/b1/en/front/20299690001_front_a01_@2.png 2x" loading="lazy" class="chakra-image css-oguq8l" aria-hidden="true"></div><div class="css-qoklea"><div class="css-12dchmx"></div><div data-testid="price-product-tile" class="css-8atqhb"><p class="chakra-text css-0"><span class="chakra-text css-o93gbd" data-testid="sale-price"><span class="css-idkz9h">$2.99</span>$2.99</span><span class="chakra-text css-623q5h" data-testid="was-price"><span class="css-idkz9h">$3.79</span>$3.79</span></p><p class="chakra-text css-1m5a6y8" data-testid="price-descriptor">SAVE $0.80</p></div><a href="/french-canadian-pea-soup/p/20299690001_EA?source=nspt" class="chakra-linkbox__overlay css-1hnz6hu"><div class="css-0"><p class="chakra-text css-1ecdp9w" data-testid="product-brand">Habitant</p><h3 class="chakra-heading css-6qrhwc" id="20299690001_EA" data-testid="product-title">French-Canadian Pea Soup</h3><p class="chakra-text css-1yftjin" data-testid="product-package-size">796 ml, $0.38/100ml</p></div></a><div class="css-8keand"></div></div><div class="css-1q5omjq"><div class="css-fcebb8"><div data-testid="atc-compact" class="css-y94ivq" style="width: 45px;"><button type="button" class="chakra-button css-mudsm6" data-testid="atc-button"><svg stroke="currentColor" fill="currentColor" stroke-width="0" viewBox="0 0 24 24" focusable="false" class="chakra-icon css-1g3sp7a" data-testid="btn-icon" aria-hidden="true" height="1em" width="1em" xmlns="http://www.w3.org/2000/svg"><path d="M19 13h-6v6h-2v-6H5v-2h6V5h2v6h6v2z"></path></svg><span class="css-idkz9h">Add French-Canadian Pea Soup to cart</span></button></div></div></div></div></div></li><li tabindex="-1" class="css-0"><div class="css-f5i5wc"><div class="chakra-linkbox css-vhnn8v"><div data-testid="product-image" class="css-16dr4ly"><img alt="Temptations Tasty Chicken Flavour Adult Cat Treats 180 g, $1.66/100g" src="https://assets.shop.loblaws.ca/products/20298151005/b1/en/front/20298151005_front_a01_@2.png" srcset="https://assets.shop.loblaws.ca/products/20298151005/b1/en/front/20298151005_front_a01_@2.png 1x, https://assets.shop.loblaws.ca/products/20298151005/b1/en/front/20298151005_front_a01_@2.png 2x" loading="lazy" class="chakra-image css-oguq8l" aria-hidden="true"></div><div class="css-qoklea"><div class="css-12dchmx"></div><div data-testid="price-product-tile" class="css-8atqhb"><p class="chakra-text css-0"><span class="chakra-text css-o93gbd" data-testid="sale-price"><span class="css-idkz9h">$2.99</span>$2.99</span><span class="chakra-text css-623q5h" data-testid="was-price"><span class="css-idkz9h">$3.25</span>$3.25</span></p><p class="chakra-text css-1m5a6y8" data-testid="price-descriptor">SAVE $0.26</p></div><a href="/tasty-chicken-flavour-adult-cat-treats/p/20298151005_EA?source=nspt" class="chakra-linkbox__overlay css-1hnz6hu"><div class="css-0"><p class="chakra-text css-1ecdp9w" data-testid="product-brand">Temptations</p><h3 class="chakra-heading css-6qrhwc" id="20298151005_EA" data-testid="product-title">Tasty Chicken Flavour Adult Cat Treats</h3><p class="chakra-text css-1yftjin" data-testid="product-package-size">180 g, $1.66/100g</p></div></a><div class="css-8keand"></div></div><div class="css-1q5omjq"><div class="css-fcebb8"><div data-testid="atc-compact" class="css-y94ivq" style="width: 45px;"><button type="button" class="chakra-button css-mudsm6" data-testid="atc-button"><svg stroke="currentColor" fill="currentColor" stroke-width="0" viewBox="0 0 24 24" focusable="false" class="chakra-icon css-1g3sp7a" data-testid="btn-icon" aria-hidden="true" height="1em" width="1em" xmlns="http://www.w3.org/2000/svg"><path d="M19 13h-6v6h-2v-6H5v-2h6V5h2v6h6v2z"></path></svg><span class="css-idkz9h">Add Tasty Chicken Flavour Adult Cat Treats to cart</span></button></div></div></div></div></div></li><li tabindex="-1" class="css-0"><div class="css-f5i5wc"><div class="chakra-linkbox css-vhnn8v"><div data-testid="product-image" class="css-16dr4ly"><img alt="Maynards Original Candy, Gummy Candy, Sour Candy, Sharing Size 315 g, $1.11/100g" src="https://assets.shop.loblaws.ca/products/21545809/b1/en/front/21545809_front_a01_@2.png" srcset="https://assets.shop.loblaws.ca/products/21545809/b1/en/front/21545809_front_a01_@2.png 1x, https://assets.shop.loblaws.ca/products/21545809/b1/en/front/21545809_front_a01_@2.png 2x" loading="lazy" class="chakra-image css-oguq8l" aria-hidden="true"></div><div class="css-qoklea"><div class="css-12dchmx"><div class="chakra-badge css-1esrteb" data-testid="product-badge"><div class="css-u4p24i">Hit of the Month</div></div></div><div data-testid="price-product-tile" class="css-edgrx3"><p class="chakra-text css-0"></p><p class="chakra-text css-o93gbd" data-testid="mop-regular-price"><span class="css-idkz9h">$3.00 Member Price</span>$3.00 Member Price</p><p class="chakra-text css-0"><span class="chakra-text css-1wji473" data-testid="non-members-price"><span class="css-idkz9h">$3.50 Non-Members</span>$3.50 Non-Members</span><span class="chakra-text css-esi4gg" data-testid="was-price"><span class="css-idkz9h">$5.99</span>$5.99</span></p><p class="chakra-text css-8jjhvs" data-testid="price-descriptor">SAVE $2.49</p></div><a href="/original-candy-gummy-candy-sour-candy-sharing-size/p/21545809_EA?source=nspt" class="chakra-linkbox__overlay css-1hnz6hu"><div class="css-0"><p class="chakra-text css-1ecdp9w" data-testid="product-brand">Maynards</p><h3 class="chakra-heading css-6qrhwc" id="21545809_EA" data-testid="product-title">Original Candy, Gummy Candy, Sour Candy, Sharing Size</h3><p class="chakra-text css-1yftjin" data-testid="product-package-size">315 g, $1.11/100g</p></div></a><div class="css-8keand"></div></div><div class="css-1q5omjq"><div class="css-fcebb8"><div data-testid="atc-compact" class="css-y94ivq" style="width: 45px;"><button type="button" class="chakra-button css-mudsm6" data-testid="atc-button"><svg stroke="currentColor" fill="currentColor" stroke-width="0" viewBox="0 0 24 24" focusable="false" class="chakra-icon css-1g3sp7a" data-testid="btn-icon" aria-hidden="true" height="1em" width="1em" xmlns="http://www.w3.org/2000/svg"><path d="M19 13h-6v6h-2v-6H5v-2h6V5h2v6h6v2z"></path></svg><span class="css-idkz9h">Add Original Candy, Gummy Candy, Sour Candy, Sharing Size to cart</span></button></div></div></div></div></div></li><li tabindex="-1" class="css-0"><div class="css-f5i5wc"><div class="chakra-linkbox css-vhnn8v"><div data-testid="product-image" class="css-16dr4ly"><img alt="Christie Triscuit, Original Crackers 200 g, $1.25/100g" src="https://assets.shop.loblaws.ca/products/21030647/b1/en/front/21030647_front_a01_@2.png" srcset="https://assets.shop.loblaws.ca/products/21030647/b1/en/front/21030647_front_a01_@2.png 1x, https://assets.shop.loblaws.ca/products/21030647/b1/en/front/21030647_front_a01_@2.png 2x" loading="lazy" class="chakra-image css-oguq8l" aria-hidden="true"></div><div class="css-qoklea"><div class="css-12dchmx"><div class="chakra-badge css-1esrteb" data-testid="product-badge"><div class="css-u4p24i">Hit of the Month</div></div></div><div data-testid="price-product-tile" class="css-8atqhb"><p class="chakra-text css-0"><span class="chakra-text css-o93gbd" data-testid="sale-price"><span class="css-idkz9h">$1.88</span>$1.88</span><span class="chakra-text css-623q5h" data-testid="was-price"><span class="css-idkz9h"></span></span></p><p class="chakra-text css-1m5a6y8" data-testid="price-descriptor">Limit 6, after limit $2.49</p></div><a href="/triscuit-original-crackers/p/21030647_EA?source=nspt" class="chakra-linkbox__overlay css-1hnz6hu"><div class="css-0"><p class="chakra-text css-1ecdp9w" data-testid="product-brand">Christie</p><h3 class="chakra-heading css-6qrhwc" id="21030647_EA" data-testid="product-title">Triscuit, Original Crackers</h3><p class="chakra-text css-1yftjin" data-testid="product-package-size">200 g, $1.25/100g</p></div></a><div class="css-8keand"></div></div><div class="css-1q5omjq"><div class="css-fcebb8"><div data-testid="atc-compact" class="css-y94ivq" style="width: 45px;"><button type="button" class="chakra-button css-mudsm6" data-testid="atc-button"><svg stroke="currentColor" fill="currentColor" stroke-width="0" viewBox="0 0 24 24" focusable="false" class="chakra-icon css-1g3sp7a" data-testid="btn-icon" aria-hidden="true" height="1em" width="1em" xmlns="http://www.w3.org/2000/svg"><path d="M19 13h-6v6h-2v-6H5v-2h6V5h2v6h6v2z"></path></svg><span class="css-idkz9h">Add Triscuit, Original Crackers to cart</span></button></div></div></div></div></div></li><li tabindex="-1" class="css-0"><div class="css-f5i5wc"><div class="chakra-linkbox css-vhnn8v"><div data-testid="product-image" class="css-16dr4ly"><img alt="Hostess Cupcakes Chocolate Cakes 206 g, $1.21/100g" src="https://assets.shop.loblaws.ca/products/21283746/b1/en/front/21283746_front_a01_@2.png" srcset="https://assets.shop.loblaws.ca/products/21283746/b1/en/front/21283746_front_a01_@2.png 1x, https://assets.shop.loblaws.ca/products/21283746/b1/en/front/21283746_front_a01_@2.png 2x" loading="lazy" class="chakra-image css-oguq8l" aria-hidden="true"></div><div class="css-qoklea"><div class="css-12dchmx"><div class="chakra-badge css-1esrteb" data-testid="product-badge"><div class="css-u4p24i">Hit of the Month</div></div></div><div data-testid="price-product-tile" class="css-8atqhb"><p class="chakra-text css-0"><span class="chakra-text css-o93gbd" data-testid="sale-price"><span class="css-idkz9h">$2.00</span>$2.00</span><span class="chakra-text css-623q5h" data-testid="was-price"><span class="css-idkz9h"></span></span></p><p class="chakra-text css-1m5a6y8" data-testid="price-descriptor">Limit 6, after limit $2.50</p></div><a href="/cupcakes-chocolate-cakes/p/21283746_EA?source=nspt" class="chakra-linkbox__overlay css-1hnz6hu"><div class="css-0"><p class="chakra-text css-1ecdp9w" data-testid="product-brand">Hostess</p><h3 class="chakra-heading css-6qrhwc" id="21283746_EA" data-testid="product-title">Cupcakes Chocolate Cakes</h3><p class="chakra-text css-1yftjin" data-testid="product-package-size">206 g, $1.21/100g</p></div></a><div class="css-8keand"></div></div><div class="css-1q5omjq"><div class="css-fcebb8"><div data-testid="atc-compact" class="css-y94ivq" style="width: 45px;"><button type="button" class="chakra-button css-mudsm6" data-testid="atc-button"><svg stroke="currentColor" fill="currentColor" stroke-width="0" viewBox="0 0 24 24" focusable="false" class="chakra-icon css-1g3sp7a" data-testid="btn-icon" aria-hidden="true" height="1em" width="1em" xmlns="http://www.w3.org/2000/svg"><path d="M19 13h-6v6h-2v-6H5v-2h6V5h2v6h6v2z"></path></svg><span class="css-idkz9h">Add Cupcakes Chocolate Cakes to cart</span></button></div></div></div></div></div></li><li tabindex="-1" class="css-0"><div class="css-f5i5wc"><div class="chakra-linkbox css-vhnn8v"><div data-testid="product-image" class="css-16dr4ly"><img alt="No Name Original Rice Crackers 100 g, $1.79/100g" src="https://assets.shop.loblaws.ca/products/20297188003/b1/en/front/20297188003_front_a01_@2.png" srcset="https://assets.shop.loblaws.ca/products/20297188003/b1/en/front/20297188003_front_a01_@2.png 1x, https://assets.shop.loblaws.ca/products/20297188003/b1/en/front/20297188003_front_a01_@2.png 2x" loading="lazy" class="chakra-image css-oguq8l" aria-hidden="true"></div><div class="css-qoklea"><div class="css-12dchmx"></div><div data-testid="price-product-tile" class="css-8atqhb"><p class="chakra-text css-0"><span class="chakra-text css-o93gbd" data-testid="sale-price"><span class="css-idkz9h">$1.50 MIN 2</span>$1.50 MIN 2</span></p><p class="chakra-text css-0"><span class="chakra-text css-1wji473" data-testid="non-members-price"><span class="css-idkz9h">$1.79</span>$1.79</span><span class="chakra-text css-esi4gg" data-testid="was-price"><span class="css-idkz9h"></span></span></p></div><a href="/original-rice-crackers/p/20297188003_EA?source=nspt" class="chakra-linkbox__overlay css-1hnz6hu"><div class="css-0"><p class="chakra-text css-1ecdp9w" data-testid="product-brand">No Name</p><h3 class="chakra-heading css-6qrhwc" id="20297188003_EA" data-testid="product-title">Original Rice Crackers</h3><p class="chakra-text css-1yftjin" data-testid="product-package-size">100 g, $1.79/100g</p></div></a><div class="css-8keand"></div></div><div class="css-1q5omjq"><div class="css-fcebb8"><div data-testid="atc-compact" class="css-y94ivq" style="width: 45px;"><button disabled="" type="button" class="chakra-button css-mudsm6" data-testid="atc-button"><svg stroke="currentColor" fill="currentColor" stroke-width="0" viewBox="0 0 24 24" focusable="false" class="chakra-icon css-1g3sp7a" data-testid="btn-icon" aria-hidden="true" height="1em" width="1em" xmlns="http://www.w3.org/2000/svg"><path d="M19 13h-6v6h-2v-6H5v-2h6V5h2v6h6v2z"></path></svg><span class="css-idkz9h">Add Original Rice Crackers to cart</span></button></div></div><div class="css-4saf4a"><p class="chakra-text css-py8788" data-testid="inventory-badge-text">Out of Stock</p></div></div></div></div></li><li tabindex="-1" class="css-0"><div class="css-f5i5wc"><div class="chakra-linkbox css-vhnn8v"><div data-testid="product-image" class="css-16dr4ly"><img alt="President's Choice Maple Flavour Marshmallows 400 g, $1.00/100g" src="https://assets.shop.loblaws.ca/products/21008975/b1/en/front/21008975_front_a01_@2.png" srcset="https://assets.shop.loblaws.ca/products/21008975/b1/en/front/21008975_front_a01_@2.png 1x, https://assets.shop.loblaws.ca/products/21008975/b1/en/front/21008975_front_a01_@2.png 2x" loading="lazy" class="chakra-image css-oguq8l" aria-hidden="true"></div><div class="css-qoklea"><div class="css-12dchmx"></div><div data-testid="price-product-tile" class="css-8atqhb"><p class="chakra-text css-0"><span class="chakra-text css-o93gbd" data-testid="sale-price"><span class="css-idkz9h">$3.50 MIN 2</span>$3.50 MIN 2</span></p><p class="chakra-text css-0"><span class="chakra-text css-1wji473" data-testid="non-members-price"><span class="css-idkz9h">$3.99</span>$3.99</span><span class="chakra-text css-esi4gg" data-testid="was-price"><span class="css-idkz9h"></span></span></p></div><a href="/maple-flavour-marshmallows/p/21008975_EA?source=nspt" class="chakra-linkbox__overlay css-1hnz6hu"><div class="css-0"><p class="chakra-text css-1ecdp9w" data-testid="product-brand">President's Choice</p><h3 class="chakra-heading css-6qrhwc" id="21008975_EA" data-testid="product-title">Maple Flavour Marshmallows</h3><p class="chakra-text css-1yftjin" data-testid="product-package-size">400 g, $1.00/100g</p></div></a><div class="css-8keand"></div></div><div class="css-1q5omjq"><div class="css-fcebb8"><div data-testid="atc-compact" class="css-y94ivq" style="width: 45px;"><button type="button" class="chakra-button css-mudsm6" data-testid="atc-button"><svg stroke="currentColor" fill="currentColor" stroke-width="0" viewBox="0 0 24 24" focusable="false" class="chakra-icon css-1g3sp7a" data-testid="btn-icon" aria-hidden="true" height="1em" width="1em" xmlns="http://www.w3.org/2000/svg"><path d="M19 13h-6v6h-2v-6H5v-2h6V5h2v6h6v2z"></path></svg><span class="css-idkz9h">Add Maple Flavour Marshmallows to cart</span></button></div></div></div></div></div></li><li tabindex="-1" class="css-0"><div class="css-f5i5wc"><div class="chakra-linkbox css-vhnn8v"><div data-testid="product-image" class="css-16dr4ly"><img alt="No Name Pasteurized Cream Cheese 250 g, $1.80/100g" src="https://assets.shop.loblaws.ca/products/20308105001/b1/en/front/20308105001_front_a01_@2.png" srcset="https://assets.shop.loblaws.ca/products/20308105001/b1/en/front/20308105001_front_a01_@2.png 1x, https://assets.shop.loblaws.ca/products/20308105001/b1/en/front/20308105001_front_a01_@2.png 2x" loading="lazy" class="chakra-image css-oguq8l" aria-hidden="true"></div><div class="css-qoklea"><div class="css-12dchmx"></div><div data-testid="price-product-tile" class="css-8atqhb"><p class="chakra-text css-0"><span class="chakra-text css-o93gbd" data-testid="sale-price"><span class="css-idkz9h">$3.75 MIN 2</span>$3.75 MIN 2</span></p><p class="chakra-text css-0"><span class="chakra-text css-1wji473" data-testid="non-members-price"><span class="css-idkz9h">$4.49</span>$4.49</span><span class="chakra-text css-esi4gg" data-testid="was-price"><span class="css-idkz9h"></span></span></p></div><a href="/pasteurized-cream-cheese/p/20308105001_EA?source=nspt" class="chakra-linkbox__overlay css-1hnz6hu"><div class="css-0"><p class="chakra-text css-1ecdp9w" data-testid="product-brand">No Name</p><h3 class="chakra-heading css-6qrhwc" id="20308105001_EA" data-testid="product-title">Pasteurized Cream Cheese</h3><p class="chakra-text css-1yftjin" data-testid="product-package-size">250 g, $1.80/100g</p></div></a><div class="css-8keand"></div></div><div class="css-1q5omjq"><div class="css-fcebb8"><div data-testid="atc-compact" class="css-y94ivq" style="width: 45px;"><button type="button" class="chakra-button css-mudsm6" data-testid="atc-button"><svg stroke="currentColor" fill="currentColor" stroke-width="0" viewBox="0 0 24 24" focusable="false" class="chakra-icon css-1g3sp7a" data-testid="btn-icon" aria-hidden="true" height="1em" width="1em" xmlns="http://www.w3.org/2000/svg"><path d="M19 13h-6v6h-2v-6H5v-2h6V5h2v6h6v2z"></path></svg><span class="css-idkz9h">Add Pasteurized Cream Cheese to cart</span></button></div></div></div></div></div></li><li tabindex="-1" class="css-0"><div class="css-f5i5wc"><div class="chakra-linkbox css-vhnn8v"><div data-testid="product-image" class="css-16dr4ly"><img alt="No Name Naturally Imperfect Avocados, 3 lb Bag 1.36 kg, $0.74/100g" src="https://assets.shop.loblaws.ca/products/21086003001/b1/en/front/21086003001_front_a01_@2.png" srcset="https://assets.shop.loblaws.ca/products/21086003001/b1/en/front/21086003001_front_a01_@2.png 1x, https://assets.shop.loblaws.ca/products/21086003001/b1/en/front/21086003001_front_a01_@2.png 2x" loading="lazy" class="chakra-image css-oguq8l" aria-hidden="true"></div><div class="css-qoklea"><div class="css-12dchmx"></div><div data-testid="price-product-tile" class="css-8atqhb"><p class="chakra-text css-0"><span class="chakra-text css-pwnbcb" data-testid="regular-price"><span class="css-idkz9h">$10.00</span>$10.00</span></p></div><a href="/naturally-imperfect-avocados-3-lb-bag/p/21086003001_EA?source=nspt" class="chakra-linkbox__overlay css-1hnz6hu"><div class="css-0"><p class="chakra-text css-1ecdp9w" data-testid="product-brand">No Name</p><h3 class="chakra-heading css-6qrhwc" id="21086003001_EA" data-testid="product-title">Naturally Imperfect Avocados, 3 lb Bag</h3><p class="chakra-text css-1yftjin" data-testid="product-package-size">1.36 kg, $0.74/100g</p></div></a><div class="css-8keand"></div></div><div class="css-1q5omjq"><div class="css-fcebb8"><div data-testid="atc-compact" class="css-y94ivq" style="width: 45px;"><button type="button" class="chakra-button css-mudsm6" data-testid="atc-button"><svg stroke="currentColor" fill="currentColor" stroke-width="0" viewBox="0 0 24 24" focusable="false" class="chakra-icon css-1g3sp7a" data-testid="btn-icon" aria-hidden="true" height="1em" width="1em" xmlns="http://www.w3.org/2000/svg"><path d="M19 13h-6v6h-2v-6H5v-2h6V5h2v6h6v2z"></path></svg><span class="css-idkz9h">Add Naturally Imperfect Avocados, 3 lb Bag to cart</span></button></div></div></div></div></div></li><li tabindex="-1" class="css-0"><div class="css-f5i5wc"><div class="chakra-linkbox css-vhnn8v"><div data-testid="product-image" class="css-16dr4ly"><img alt="No Name Naturally Imperfect Limes 907 g, $0.55/100g" src="https://assets.shop.loblaws.ca/products/21124368001/b1/en/front/21124368001_front_a01_@2.png" srcset="https://assets.shop.loblaws.ca/products/21124368001/b1/en/front/21124368001_front_a01_@2.png 1x, https://assets.shop.loblaws.ca/products/21124368001/b1/en/front/21124368001_front_a01_@2.png 2x" loading="lazy" class="chakra-image css-oguq8l" aria-hidden="true"></div><div class="css-qoklea"><div class="css-12dchmx"></div><div data-testid="price-product-tile" class="css-8atqhb"><p class="chakra-text css-0"><span class="chakra-text css-o93gbd" data-testid="sale-price"><span class="css-idkz9h">$4.99</span>$4.99</span><span class="chakra-text css-623q5h" data-testid="was-price"><span class="css-idkz9h">$6.99</span>$6.99</span></p><p class="chakra-text css-1m5a6y8" data-testid="price-descriptor">SAVE $2.00</p></div><a href="/naturally-imperfect-limes/p/21124368001_EA?source=nspt" class="chakra-linkbox__overlay css-1hnz6hu"><div class="css-0"><p class="chakra-text css-1ecdp9w" data-testid="product-brand">No Name</p><h3 class="chakra-heading css-6qrhwc" id="21124368001_EA" data-testid="product-title">Naturally Imperfect Limes</h3><p class="chakra-text css-1yftjin" data-testid="product-package-size">907 g, $0.55/100g</p></div></a><div class="css-8keand"></div></div><div class="css-1q5omjq"><div class="css-fcebb8"><div data-testid="atc-compact" class="css-y94ivq" style="width: 45px;"><button type="button" class="chakra-button css-mudsm6" data-testid="atc-button"><svg stroke="currentColor" fill="currentColor" stroke-width="0" viewBox="0 0 24 24" focusable="false" class="chakra-icon css-1g3sp7a" data-testid="btn-icon" aria-hidden="true" height="1em" width="1em" xmlns="http://www.w3.org/2000/svg"><path d="M19 13h-6v6h-2v-6H5v-2h6V5h2v6h6v2z"></path></svg><span class="css-idkz9h">Add Naturally Imperfect Limes to cart</span></button></div></div></div></div></div></li><li tabindex="-1" class="css-0"><div class="css-f5i5wc"><div class="chakra-linkbox css-vhnn8v"><div data-testid="product-image" class="css-16dr4ly"><img alt="Milkbone Original Medium Dog Biscuits 900 g, $0.61/100g" src="https://assets.shop.loblaws.ca/products/21014403/b1/en/front/21014403_front_a01_@2.png" srcset="https://assets.shop.loblaws.ca/products/21014403/b1/en/front/21014403_front_a01_@2.png 1x, https://assets.shop.loblaws.ca/products/21014403/b1/en/front/21014403_front_a01_@2.png 2x" loading="lazy" class="chakra-image css-oguq8l" aria-hidden="true"></div><div class="css-qoklea"><div class="css-12dchmx"></div><div data-testid="price-product-tile" class="css-8atqhb"><p class="chakra-text css-0"><span class="chakra-text css-pwnbcb" data-testid="regular-price"><span class="css-idkz9h">$5.49</span>$5.49</span></p></div><a href="/original-medium-dog-biscuits/p/21014403_EA?source=nspt" class="chakra-linkbox__overlay css-1hnz6hu"><div class="css-0"><p class="chakra-text css-1ecdp9w" data-testid="product-brand">Milkbone</p><h3 class="chakra-heading css-6qrhwc" id="21014403_EA" data-testid="product-title">Original Medium Dog Biscuits</h3><p class="chakra-text css-1yftjin" data-testid="product-package-size">900 g, $0.61/100g</p></div></a><div class="css-8keand"><p class="chakra-text css-wytexo" data-testid="product-pco-badge">PC Optimum Offer</p></div></div><div class="css-1q5omjq"><div class="css-fcebb8"><div data-testid="atc-compact" class="css-y94ivq" style="width: 45px;"><button type="button" class="chakra-button css-mudsm6" data-testid="atc-button"><svg stroke="currentColor" fill="currentColor" stroke-width="0" viewBox="0 0 24 24" focusable="false" class="chakra-icon css-1g3sp7a" data-testid="btn-icon" aria-hidden="true" height="1em" width="1em" xmlns="http://www.w3.org/2000/svg"><path d="M19 13h-6v6h-2v-6H5v-2h6V5h2v6h6v2z"></path></svg><span class="css-idkz9h">Add Original Medium Dog Biscuits to cart</span></button></div></div></div></div></div></li><li tabindex="-1" class="css-0"><div class="css-f5i5wc"><div class="chakra-linkbox css-vhnn8v"><div data-testid="product-image" class="css-16dr4ly"><img alt="Old El Paso Hard &amp; Soft Taco Dinner Kit 340 g, $1.76/100g" src="https://assets.shop.loblaws.ca/products/20795534/b1/en/front/20795534_front_a01_@2.png" srcset="https://assets.shop.loblaws.ca/products/20795534/b1/en/front/20795534_front_a01_@2.png 1x, https://assets.shop.loblaws.ca/products/20795534/b1/en/front/20795534_front_a01_@2.png 2x" loading="lazy" class="chakra-image css-oguq8l" aria-hidden="true"></div><div class="css-qoklea"><div class="css-12dchmx"></div><div data-testid="price-product-tile" class="css-8atqhb"><p class="chakra-text css-0"><span class="chakra-text css-o93gbd" data-testid="sale-price"><span class="css-idkz9h">$5.00 MIN 2</span>$5.00 MIN 2</span></p><p class="chakra-text css-0"><span class="chakra-text css-1wji473" data-testid="non-members-price"><span class="css-idkz9h">$5.99</span>$5.99</span><span class="chakra-text css-esi4gg" data-testid="was-price"><span class="css-idkz9h"></span></span></p></div><a href="/hard-soft-taco-dinner-kit/p/20795534_EA?source=nspt" class="chakra-linkbox__overlay css-1hnz6hu"><div class="css-0"><p class="chakra-text css-1ecdp9w" data-testid="product-brand">Old El Paso</p><h3 class="chakra-heading css-6qrhwc" id="20795534_EA" data-testid="product-title">Hard &amp; Soft Taco Dinner Kit</h3><p class="chakra-text css-1yftjin" data-testid="product-package-size">340 g, $1.76/100g</p></div></a><div class="css-8keand"><p class="chakra-text css-wytexo" data-testid="product-pco-badge">PC Optimum Offer</p></div></div><div class="css-1q5omjq"><div class="css-fcebb8"><div data-testid="atc-compact" class="css-y94ivq" style="width: 45px;"><button type="button" class="chakra-button css-mudsm6" data-testid="atc-button"><svg stroke="currentColor" fill="currentColor" stroke-width="0" viewBox="0 0 24 24" focusable="false" class="chakra-icon css-1g3sp7a" data-testid="btn-icon" aria-hidden="true" height="1em" width="1em" xmlns="http://www.w3.org/2000/svg"><path d="M19 13h-6v6h-2v-6H5v-2h6V5h2v6h6v2z"></path></svg><span class="css-idkz9h">Add Hard &amp; Soft Taco Dinner Kit to cart</span></button></div></div></div></div></div></li><li tabindex="-1" class="css-0"><div class="css-f5i5wc"><div class="chakra-linkbox css-vhnn8v"><div data-testid="product-image" class="css-16dr4ly"><img alt="President's Choice Extra-Fluffy Buttermilk Pancake &amp; Waffle Mix 905 g, $0.42/100g" src="https://assets.shop.loblaws.ca/products/20175129/b1/en/front/20175129_front_a01_@2.png" srcset="https://assets.shop.loblaws.ca/products/20175129/b1/en/front/20175129_front_a01_@2.png 1x, https://assets.shop.loblaws.ca/products/20175129/b1/en/front/20175129_front_a01_@2.png 2x" loading="lazy" class="chakra-image css-oguq8l" aria-hidden="true"></div><div class="css-qoklea"><div class="css-12dchmx"></div><div data-testid="price-product-tile" class="css-8atqhb"><p class="chakra-text css-0"><span class="chakra-text css-pwnbcb" data-testid="regular-price"><span class="css-idkz9h">$3.79</span>$3.79</span></p></div><a href="/extra-fluffy-buttermilk-pancake-waffle-mix/p/20175129_EA?source=nspt" class="chakra-linkbox__overlay css-1hnz6hu"><div class="css-0"><p class="chakra-text css-1ecdp9w" data-testid="product-brand">President's Choice</p><h3 class="chakra-heading css-6qrhwc" id="20175129_EA" data-testid="product-title">Extra-Fluffy Buttermilk Pancake &amp; Waffle Mix</h3><p class="chakra-text css-1yftjin" data-testid="product-package-size">905 g, $0.42/100g</p></div></a><div class="css-8keand"></div></div><div class="css-1q5omjq"><div class="css-fcebb8"><div data-testid="atc-compact" class="css-y94ivq" style="width: 45px;"><button type="button" class="chakra-button css-mudsm6" data-testid="atc-button"><svg stroke="currentColor" fill="currentColor" stroke-width="0" viewBox="0 0 24 24" focusable="false" class="chakra-icon css-1g3sp7a" data-testid="btn-icon" aria-hidden="true" height="1em" width="1em" xmlns="http://www.w3.org/2000/svg"><path d="M19 13h-6v6h-2v-6H5v-2h6V5h2v6h6v2z"></path></svg><span class="css-idkz9h">Add Extra-Fluffy Buttermilk Pancake &amp; Waffle Mix to cart</span></button></div></div></div></div></div></li><li tabindex="-1" class="css-0"><div class="css-f5i5wc"><div class="chakra-linkbox css-vhnn8v"><div data-testid="product-image" class="css-16dr4ly"><img alt="IOGO Nano Drinkable Yogurt, Strawberry 1% 6x93.0 ml, $0.72/100ml" src="https://assets.shop.loblaws.ca/products/20609687001/b1/en/front/20609687001_front_a01_@2.png" srcset="https://assets.shop.loblaws.ca/products/20609687001/b1/en/front/20609687001_front_a01_@2.png 1x, https://assets.shop.loblaws.ca/products/20609687001/b1/en/front/20609687001_front_a01_@2.png 2x" loading="lazy" class="chakra-image css-oguq8l" aria-hidden="true"></div><div class="css-qoklea"><div class="css-12dchmx"></div><div data-testid="price-product-tile" class="css-8atqhb"><p class="chakra-text css-0"><span class="chakra-text css-o93gbd" data-testid="sale-price"><span class="css-idkz9h">$3.99</span>$3.99</span><span class="chakra-text css-623q5h" data-testid="was-price"><span class="css-idkz9h">$5.00</span>$5.00</span></p><p class="chakra-text css-1m5a6y8" data-testid="price-descriptor">SAVE $1.01</p></div><a href="/nano-drinkable-yogurt-strawberry-1/p/20609687001_EA?source=nspt" class="chakra-linkbox__overlay css-1hnz6hu"><div class="css-0"><p class="chakra-text css-1ecdp9w" data-testid="product-brand">IOGO</p><h3 class="chakra-heading css-6qrhwc" id="20609687001_EA" data-testid="product-title">Nano Drinkable Yogurt, Strawberry 1%</h3><p class="chakra-text css-1yftjin" data-testid="product-package-size">6x93.0 ml, $0.72/100ml</p></div></a><div class="css-8keand"></div></div><div class="css-1q5omjq"><div class="css-fcebb8"><div data-testid="atc-compact" class="css-y94ivq" style="width: 45px;"><button type="button" class="chakra-button css-mudsm6" data-testid="atc-button"><svg stroke="currentColor" fill="currentColor" stroke-width="0" viewBox="0 0 24 24" focusable="false" class="chakra-icon css-1g3sp7a" data-testid="btn-icon" aria-hidden="true" height="1em" width="1em" xmlns="http://www.w3.org/2000/svg"><path d="M19 13h-6v6h-2v-6H5v-2h6V5h2v6h6v2z"></path></svg><span class="css-idkz9h">Add Nano Drinkable Yogurt, Strawberry 1% to cart</span></button></div></div></div></div></div></li><li tabindex="-1" class="css-0"><div class="css-f5i5wc"><div class="chakra-linkbox css-vhnn8v"><div data-testid="product-image" class="css-16dr4ly"><img alt="Cracker Barrel Medium Cheddar Cheese Slices, 12 units 240 g, $2.29/100g" src="https://assets.shop.loblaws.ca/products/21290684/b1/en/front/21290684_front_a01_@2.png" srcset="https://assets.shop.loblaws.ca/products/21290684/b1/en/front/21290684_front_a01_@2.png 1x, https://assets.shop.loblaws.ca/products/21290684/b1/en/front/21290684_front_a01_@2.png 2x" loading="lazy" class="chakra-image css-oguq8l" aria-hidden="true"></div><div class="css-qoklea"><div class="css-12dchmx"></div><div data-testid="price-product-tile" class="css-8atqhb"><p class="chakra-text css-0"><span class="chakra-text css-o93gbd" data-testid="sale-price"><span class="css-idkz9h">$4.50 MIN 2</span>$4.50 MIN 2</span></p><p class="chakra-text css-0"><span class="chakra-text css-1wji473" data-testid="non-members-price"><span class="css-idkz9h">$5.49</span>$5.49</span><span class="chakra-text css-esi4gg" data-testid="was-price"><span class="css-idkz9h"></span></span></p></div><a href="/medium-cheddar-cheese-slices-12-units/p/21290684_EA?source=nspt" class="chakra-linkbox__overlay css-1hnz6hu"><div class="css-0"><p class="chakra-text css-1ecdp9w" data-testid="product-brand">Cracker Barrel</p><h3 class="chakra-heading css-6qrhwc" id="21290684_EA" data-testid="product-title">Medium Cheddar Cheese Slices, 12 units</h3><p class="chakra-text css-1yftjin" data-testid="product-package-size">240 g, $2.29/100g</p></div></a><div class="css-8keand"></div></div><div class="css-1q5omjq"><div class="css-fcebb8"><div data-testid="atc-compact" class="css-y94ivq" style="width: 45px;"><button type="button" class="chakra-button css-mudsm6" data-testid="atc-button"><svg stroke="currentColor" fill="currentColor" stroke-width="0" viewBox="0 0 24 24" focusable="false" class="chakra-icon css-1g3sp7a" data-testid="btn-icon" aria-hidden="true" height="1em" width="1em" xmlns="http://www.w3.org/2000/svg"><path d="M19 13h-6v6h-2v-6H5v-2h6V5h2v6h6v2z"></path></svg><span class="css-idkz9h">Add Medium Cheddar Cheese Slices, 12 units to cart</span></button></div></div></div></div></div></li><li tabindex="-1" class="css-0"><div class="css-f5i5wc"><div class="chakra-linkbox css-vhnn8v"><div data-testid="product-image" class="css-16dr4ly"><img alt="Pepperidge Farm Goldfish  Cheddar 200 g, $2.00/100g" src="https://assets.shop.loblaws.ca/products/20300320/b1/en/front/20300320_front_a01_@2.png" srcset="https://assets.shop.loblaws.ca/products/20300320/b1/en/front/20300320_front_a01_@2.png 1x, https://assets.shop.loblaws.ca/products/20300320/b1/en/front/20300320_front_a01_@2.png 2x" loading="lazy" class="chakra-image css-oguq8l" aria-hidden="true"></div><div class="css-qoklea"><div class="css-12dchmx"></div><div data-testid="price-product-tile" class="css-8atqhb"><p class="chakra-text css-0"><span class="chakra-text css-o93gbd" data-testid="sale-price"><span class="css-idkz9h">$3.50 MIN 2</span>$3.50 MIN 2</span></p><p class="chakra-text css-0"><span class="chakra-text css-1wji473" data-testid="non-members-price"><span class="css-idkz9h">$3.99</span>$3.99</span><span class="chakra-text css-esi4gg" data-testid="was-price"><span class="css-idkz9h"></span></span></p></div><a href="/goldfish-cheddar/p/20300320_EA?source=nspt" class="chakra-linkbox__overlay css-1hnz6hu"><div class="css-0"><p class="chakra-text css-1ecdp9w" data-testid="product-brand">Pepperidge Farm</p><h3 class="chakra-heading css-6qrhwc" id="20300320_EA" data-testid="product-title">Goldfish  Cheddar</h3><p class="chakra-text css-1yftjin" data-testid="product-package-size">200 g, $2.00/100g</p></div></a><div class="css-8keand"></div></div><div class="css-1q5omjq"><div class="css-fcebb8"><div data-testid="atc-compact" class="css-y94ivq" style="width: 45px;"><button type="button" class="chakra-button css-mudsm6" data-testid="atc-button"><svg stroke="currentColor" fill="currentColor" stroke-width="0" viewBox="0 0 24 24" focusable="false" class="chakra-icon css-1g3sp7a" data-testid="btn-icon" aria-hidden="true" height="1em" width="1em" xmlns="http://www.w3.org/2000/svg"><path d="M19 13h-6v6h-2v-6H5v-2h6V5h2v6h6v2z"></path></svg><span class="css-idkz9h">Add Goldfish  Cheddar to cart</span></button></div></div></div></div></div></li><li tabindex="-1" class="css-0"><div class="css-f5i5wc"><div class="chakra-linkbox css-vhnn8v"><div data-testid="product-image" class="css-16dr4ly"><img alt="Philadelphia Original Cream Cheese Product 227 g, $2.42/100g" src="https://assets.shop.loblaws.ca/products/20866924010/b1/en/front/20866924010_front_a01_@2.png" srcset="https://assets.shop.loblaws.ca/products/20866924010/b1/en/front/20866924010_front_a01_@2.png 1x, https://assets.shop.loblaws.ca/products/20866924010/b1/en/front/20866924010_front_a01_@2.png 2x" loading="lazy" class="chakra-image css-oguq8l" aria-hidden="true"></div><div class="css-qoklea"><div class="css-12dchmx"></div><div data-testid="price-product-tile" class="css-8atqhb"><p class="chakra-text css-0"><span class="chakra-text css-o93gbd" data-testid="sale-price"><span class="css-idkz9h">$4.75 MIN 2</span>$4.75 MIN 2</span></p><p class="chakra-text css-0"><span class="chakra-text css-1wji473" data-testid="non-members-price"><span class="css-idkz9h">$5.49</span>$5.49</span><span class="chakra-text css-esi4gg" data-testid="was-price"><span class="css-idkz9h"></span></span></p></div><a href="/original-cream-cheese-product/p/20866924010_EA?source=nspt" class="chakra-linkbox__overlay css-1hnz6hu"><div class="css-0"><p class="chakra-text css-1ecdp9w" data-testid="product-brand">Philadelphia</p><h3 class="chakra-heading css-6qrhwc" id="20866924010_EA" data-testid="product-title">Original Cream Cheese Product</h3><p class="chakra-text css-1yftjin" data-testid="product-package-size">227 g, $2.42/100g</p></div></a><div class="css-8keand"><p class="chakra-text css-wytexo" data-testid="product-pco-badge">PC Optimum Offer</p></div></div><div class="css-1q5omjq"><div class="css-fcebb8"><div data-testid="atc-compact" class="css-y94ivq" style="width: 45px;"><button type="button" class="chakra-button css-mudsm6" data-testid="atc-button"><svg stroke="currentColor" fill="currentColor" stroke-width="0" viewBox="0 0 24 24" focusable="false" class="chakra-icon css-1g3sp7a" data-testid="btn-icon" aria-hidden="true" height="1em" width="1em" xmlns="http://www.w3.org/2000/svg"><path d="M19 13h-6v6h-2v-6H5v-2h6V5h2v6h6v2z"></path></svg><span class="css-idkz9h">Add Original Cream Cheese Product to cart</span></button></div></div></div></div></div></li><li tabindex="-1" class="css-0"><div class="css-f5i5wc"><div class="chakra-linkbox css-vhnn8v"><div data-testid="product-image" class="css-16dr4ly"><img alt="Red Rose Orange Pekoe Black Tea 216 ea, $0.04/1ea" src="https://assets.shop.loblaws.ca/products/21593473/b1/en/front/21593473_front_a01_@2.png" srcset="https://assets.shop.loblaws.ca/products/21593473/b1/en/front/21593473_front_a01_@2.png 1x, https://assets.shop.loblaws.ca/products/21593473/b1/en/front/21593473_front_a01_@2.png 2x" loading="lazy" class="chakra-image css-oguq8l" aria-hidden="true"></div><div class="css-qoklea"><div class="css-12dchmx"><div class="chakra-badge css-34x0wr" data-testid="product-badge"><div class="css-u4p24i">New</div></div></div><div data-testid="price-product-tile" class="css-8atqhb"><p class="chakra-text css-0"><span class="chakra-text css-o93gbd" data-testid="sale-price"><span class="css-idkz9h">$8.99</span>$8.99</span><span class="chakra-text css-623q5h" data-testid="was-price"><span class="css-idkz9h">$13.99</span>$13.99</span></p><p class="chakra-text css-1m5a6y8" data-testid="price-descriptor">SAVE $5.00</p></div><a href="/orange-pekoe-black-tea/p/21593473_EA?source=nspt" class="chakra-linkbox__overlay css-1hnz6hu"><div class="css-0"><p class="chakra-text css-1ecdp9w" data-testid="product-brand">Red Rose</p><h3 class="chakra-heading css-6qrhwc" id="21593473_EA" data-testid="product-title">Orange Pekoe Black Tea</h3><p class="chakra-text css-1yftjin" data-testid="product-package-size">216 ea, $0.04/1ea</p></div></a><div class="css-8keand"></div></div><div class="css-1q5omjq"><div class="css-fcebb8"><div data-testid="atc-compact" class="css-y94ivq" style="width: 45px;"><button type="button" class="chakra-button css-mudsm6" data-testid="atc-button"><svg stroke="currentColor" fill="currentColor" stroke-width="0" viewBox="0 0 24 24" focusable="false" class="chakra-icon css-1g3sp7a" data-testid="btn-icon" aria-hidden="true" height="1em" width="1em" xmlns="http://www.w3.org/2000/svg"><path d="M19 13h-6v6h-2v-6H5v-2h6V5h2v6h6v2z"></path></svg><span class="css-idkz9h">Add Orange Pekoe Black Tea to cart</span></button></div></div><div class="css-4saf4a"><p class="chakra-text css-py8788" data-testid="inventory-badge-text">Low Stock</p></div></div></div></div></li><li tabindex="-1" class="css-0"><div class="css-f5i5wc"><div class="chakra-linkbox css-vhnn8v"><div data-testid="product-image" class="css-16dr4ly"><img alt="Ziploc Sandwich Food Storage Bags, Grip 'n Seal Technology 90 ea, $0.06/1ea" src="https://assets.shop.loblaws.ca/products/20871415/b1/en/front/20871415_front_a01_@2.png" srcset="https://assets.shop.loblaws.ca/products/20871415/b1/en/front/20871415_front_a01_@2.png 1x, https://assets.shop.loblaws.ca/products/20871415/b1/en/front/20871415_front_a01_@2.png 2x" loading="lazy" class="chakra-image css-oguq8l" aria-hidden="true"></div><div class="css-qoklea"><div class="css-12dchmx"></div><div data-testid="price-product-tile" class="css-8atqhb"><p class="chakra-text css-0"><span class="chakra-text css-o93gbd" data-testid="sale-price"><span class="css-idkz9h">$4.99</span>$4.99</span><span class="chakra-text css-623q5h" data-testid="was-price"><span class="css-idkz9h">$5.99</span>$5.99</span></p><p class="chakra-text css-1m5a6y8" data-testid="price-descriptor">SAVE $1.00</p></div><a href="/sandwich-food-storage-bags-grip-n-seal-technology/p/20871415_EA?source=nspt" class="chakra-linkbox__overlay css-1hnz6hu"><div class="css-0"><p class="chakra-text css-1ecdp9w" data-testid="product-brand">Ziploc</p><h3 class="chakra-heading css-6qrhwc" id="20871415_EA" data-testid="product-title">Sandwich Food Storage Bags, Grip 'n Seal Technology</h3><p class="chakra-text css-1yftjin" data-testid="product-package-size">90 ea, $0.06/1ea</p></div></a><div class="css-8keand"></div></div><div class="css-1q5omjq"><div class="css-fcebb8"><div data-testid="atc-compact" class="css-y94ivq" style="width: 45px;"><button type="button" class="chakra-button css-mudsm6" data-testid="atc-button"><svg stroke="currentColor" fill="currentColor" stroke-width="0" viewBox="0 0 24 24" focusable="false" class="chakra-icon css-1g3sp7a" data-testid="btn-icon" aria-hidden="true" height="1em" width="1em" xmlns="http://www.w3.org/2000/svg"><path d="M19 13h-6v6h-2v-6H5v-2h6V5h2v6h6v2z"></path></svg><span class="css-idkz9h">Add Sandwich Food Storage Bags, Grip 'n Seal Technology to cart</span></button></div></div></div></div></div></li><li tabindex="-1" class="css-0"><div class="css-f5i5wc"><div class="chakra-linkbox css-vhnn8v"><div data-testid="product-image" class="css-16dr4ly"><img alt="President's Choice Medium Roast Black Cold Brew Coffee 900 ml, $0.55/100ml" src="https://assets.shop.loblaws.ca/products/21397831/b1/en/front/21397831_front_a01_@2.png" srcset="https://assets.shop.loblaws.ca/products/21397831/b1/en/front/21397831_front_a01_@2.png 1x, https://assets.shop.loblaws.ca/products/21397831/b1/en/front/21397831_front_a01_@2.png 2x" loading="lazy" class="chakra-image css-oguq8l" aria-hidden="true"></div><div class="css-qoklea"><div class="css-12dchmx"></div><div data-testid="price-product-tile" class="css-8atqhb"><p class="chakra-text css-0"><span class="chakra-text css-o93gbd" data-testid="sale-price"><span class="css-idkz9h">$4.99</span>$4.99</span><span class="chakra-text css-623q5h" data-testid="was-price"><span class="css-idkz9h">$5.99</span>$5.99</span></p><p class="chakra-text css-1m5a6y8" data-testid="price-descriptor">SAVE $1.00</p></div><a href="/medium-roast-black-cold-brew-coffee/p/21397831_EA?source=nspt" class="chakra-linkbox__overlay css-1hnz6hu"><div class="css-0"><p class="chakra-text css-1ecdp9w" data-testid="product-brand">President's Choice</p><h3 class="chakra-heading css-6qrhwc" id="21397831_EA" data-testid="product-title">Medium Roast Black Cold Brew Coffee</h3><p class="chakra-text css-1yftjin" data-testid="product-package-size">900 ml, $0.55/100ml</p></div></a><div class="css-8keand"></div></div><div class="css-1q5omjq"><div class="css-fcebb8"><div data-testid="atc-compact" class="css-y94ivq" style="width: 45px;"><button type="button" class="chakra-button css-mudsm6" data-testid="atc-button"><svg stroke="currentColor" fill="currentColor" stroke-width="0" viewBox="0 0 24 24" focusable="false" class="chakra-icon css-1g3sp7a" data-testid="btn-icon" aria-hidden="true" height="1em" width="1em" xmlns="http://www.w3.org/2000/svg"><path d="M19 13h-6v6h-2v-6H5v-2h6V5h2v6h6v2z"></path></svg><span class="css-idkz9h">Add Medium Roast Black Cold Brew Coffee to cart</span></button></div></div></div></div></div></li></ul></div></div><div id=":r10:" class="css-0"> </div></div><div class="chakra-container css-1yvva6b" data-testid="section"><div class="css-147ar3n"><div class="css-2imjyh"></div><div class="css-owofrc"><div class="css-1pzcvyn"><div class="css-1pzcvyn"><h2 class="chakra-heading css-1thmpx" data-testid="heading">Members Save More</h2></div></div></div></div><a class="chakra-link css-14qfziv" href="#:r11:">skip Members Save More</a><div class="css-10cksfv"><div class="indiana-scroll-container"><ul role="list" class="css-7i2yy7"><li tabindex="-1" class="css-0"><div class="css-f5i5wc"><div class="chakra-linkbox css-vhnn8v"><div data-testid="product-image" class="css-16dr4ly"><img alt="Maynards Original Candy, Gummy Candy, Sour Candy, Sharing Size 315 g, $1.11/100g" src="https://assets.shop.loblaws.ca/products/21545809/b1/en/front/21545809_front_a01_@2.png" srcset="https://assets.shop.loblaws.ca/products/21545809/b1/en/front/21545809_front_a01_@2.png 1x, https://assets.shop.loblaws.ca/products/21545809/b1/en/front/21545809_front_a01_@2.png 2x" loading="lazy" class="chakra-image css-oguq8l" aria-hidden="true"></div><div class="css-qoklea"><div class="css-12dchmx"><div class="chakra-badge css-1esrteb" data-testid="product-badge"><div class="css-u4p24i">Hit of the Month</div></div></div><div data-testid="price-product-tile" class="css-edgrx3"><p class="chakra-text css-0"></p><p class="chakra-text css-o93gbd" data-testid="mop-regular-price"><span class="css-idkz9h">$3.00 Member Price</span>$3.00 Member Price</p><p class="chakra-text css-0"><span class="chakra-text css-1wji473" data-testid="non-members-price"><span class="css-idkz9h">$3.50 Non-Members</span>$3.50 Non-Members</span><span class="chakra-text css-esi4gg" data-testid="was-price"><span class="css-idkz9h">$5.99</span>$5.99</span></p><p class="chakra-text css-8jjhvs" data-testid="price-descriptor">SAVE $2.49</p></div><a href="/original-candy-gummy-candy-sour-candy-sharing-size/p/21545809_EA?source=nspt" class="chakra-linkbox__overlay css-1hnz6hu"><div class="css-0"><p class="chakra-text css-1ecdp9w" data-testid="product-brand">Maynards</p><h3 class="chakra-heading css-6qrhwc" id="21545809_EA" data-testid="product-title">Original Candy, Gummy Candy, Sour Candy, Sharing Size</h3><p class="chakra-text css-1yftjin" data-testid="product-package-size">315 g, $1.11/100g</p></div></a><div class="css-8keand"></div></div><div class="css-1q5omjq"><div class="css-fcebb8"><div data-testid="atc-compact" class="css-y94ivq" style="width: 45px;"><button type="button" class="chakra-button css-mudsm6" data-testid="atc-button"><svg stroke="currentColor" fill="currentColor" stroke-width="0" viewBox="0 0 24 24" focusable="false" class="chakra-icon css-1g3sp7a" data-testid="btn-icon" aria-hidden="true" height="1em" width="1em" xmlns="http://www.w3.org/2000/svg"><path d="M19 13h-6v6h-2v-6H5v-2h6V5h2v6h6v2z"></path></svg><span class="css-idkz9h">Add Original Candy, Gummy Candy, Sour Candy, Sharing Size to cart</span></button></div></div></div></div></div></li><li tabindex="-1" class="css-0"><div class="css-f5i5wc"><div class="chakra-linkbox css-vhnn8v"><div data-testid="product-image" class="css-16dr4ly"><img alt="Maynards Wine Gums Assorted Soft Candy 315 g, $1.11/100g" src="https://assets.shop.loblaws.ca/products/20188881/b1/en/front/20188881_front_a01_@2.png" srcset="https://assets.shop.loblaws.ca/products/20188881/b1/en/front/20188881_front_a01_@2.png 1x, https://assets.shop.loblaws.ca/products/20188881/b1/en/front/20188881_front_a01_@2.png 2x" loading="lazy" class="chakra-image css-oguq8l" aria-hidden="true"></div><div class="css-qoklea"><div class="css-12dchmx"><div class="chakra-badge css-1esrteb" data-testid="product-badge"><div class="css-u4p24i">Hit of the Month</div></div></div><div data-testid="price-product-tile" class="css-edgrx3"><p class="chakra-text css-0"></p><p class="chakra-text css-o93gbd" data-testid="mop-regular-price"><span class="css-idkz9h">$3.00 Member Price</span>$3.00 Member Price</p><p class="chakra-text css-0"><span class="chakra-text css-1wji473" data-testid="non-members-price"><span class="css-idkz9h">$3.50 Non-Members</span>$3.50 Non-Members</span><span class="chakra-text css-esi4gg" data-testid="was-price"><span class="css-idkz9h">$6.49</span>$6.49</span></p><p class="chakra-text css-8jjhvs" data-testid="price-descriptor">SAVE $2.99</p></div><a href="/wine-gums-assorted-soft-candy/p/20188881_EA?source=nspt" class="chakra-linkbox__overlay css-1hnz6hu"><div class="css-0"><p class="chakra-text css-1ecdp9w" data-testid="product-brand">Maynards</p><h3 class="chakra-heading css-6qrhwc" id="20188881_EA" data-testid="product-title">Wine Gums Assorted Soft Candy</h3><p class="chakra-text css-1yftjin" data-testid="product-package-size">315 g, $1.11/100g</p></div></a><div class="css-8keand"></div></div><div class="css-1q5omjq"><div class="css-fcebb8"><div data-testid="atc-compact" class="css-y94ivq" style="width: 45px;"><button type="button" class="chakra-button css-mudsm6" data-testid="atc-button"><svg stroke="currentColor" fill="currentColor" stroke-width="0" viewBox="0 0 24 24" focusable="false" class="chakra-icon css-1g3sp7a" data-testid="btn-icon" aria-hidden="true" height="1em" width="1em" xmlns="http://www.w3.org/2000/svg"><path d="M19 13h-6v6h-2v-6H5v-2h6V5h2v6h6v2z"></path></svg><span class="css-idkz9h">Add Wine Gums Assorted Soft Candy to cart</span></button></div></div></div></div></div></li><li tabindex="-1" class="css-0"><div class="css-f5i5wc"><div class="chakra-linkbox css-vhnn8v"><div data-testid="product-image" class="css-16dr4ly"><img alt="Maynards Fuzzy Peach Candy, Gummy Candy, Sharing Size 308 g, $1.14/100g" src="https://assets.shop.loblaws.ca/products/21545820/b1/en/front/21545820_front_a01_@2.png" srcset="https://assets.shop.loblaws.ca/products/21545820/b1/en/front/21545820_front_a01_@2.png 1x, https://assets.shop.loblaws.ca/products/21545820/b1/en/front/21545820_front_a01_@2.png 2x" loading="lazy" class="chakra-image css-oguq8l" aria-hidden="true"></div><div class="css-qoklea"><div class="css-12dchmx"><div class="chakra-badge css-1esrteb" data-testid="product-badge"><div class="css-u4p24i">Hit of the Month</div></div></div><div data-testid="price-product-tile" class="css-edgrx3"><p class="chakra-text css-0"></p><p class="chakra-text css-o93gbd" data-testid="mop-regular-price"><span class="css-idkz9h">$3.00 Member Price</span>$3.00 Member Price</p><p class="chakra-text css-0"><span class="chakra-text css-1wji473" data-testid="non-members-price"><span class="css-idkz9h">$3.50 Non-Members</span>$3.50 Non-Members</span><span class="chakra-text css-esi4gg" data-testid="was-price"><span class="css-idkz9h">$5.99</span>$5.99</span></p><p class="chakra-text css-8jjhvs" data-testid="price-descriptor">SAVE $2.49</p></div><a href="/fuzzy-peach-candy-gummy-candy-sharing-size/p/21545820_EA?source=nspt" class="chakra-linkbox__overlay css-1hnz6hu"><div class="css-0"><p class="chakra-text css-1ecdp9w" data-testid="product-brand">Maynards</p><h3 class="chakra-heading css-6qrhwc" id="21545820_EA" data-testid="product-title">Fuzzy Peach Candy, Gummy Candy, Sharing Size</h3><p class="chakra-text css-1yftjin" data-testid="product-package-size">308 g, $1.14/100g</p></div></a><div class="css-8keand"></div></div><div class="css-1q5omjq"><div class="css-fcebb8"><div data-testid="atc-compact" class="css-y94ivq" style="width: 45px;"><button type="button" class="chakra-button css-mudsm6" data-testid="atc-button"><svg stroke="currentColor" fill="currentColor" stroke-width="0" viewBox="0 0 24 24" focusable="false" class="chakra-icon css-1g3sp7a" data-testid="btn-icon" aria-hidden="true" height="1em" width="1em" xmlns="http://www.w3.org/2000/svg"><path d="M19 13h-6v6h-2v-6H5v-2h6V5h2v6h6v2z"></path></svg><span class="css-idkz9h">Add Fuzzy Peach Candy, Gummy Candy, Sharing Size to cart</span></button></div></div></div></div></div></li><li tabindex="-1" class="css-0"><div class="css-f5i5wc"><div class="chakra-linkbox css-vhnn8v"><div data-testid="product-image" class="css-16dr4ly"><img alt="Maynards Swedish Berries Candy, Gummy Candy, Sharing Size 315 g, $1.11/100g" src="https://assets.shop.loblaws.ca/products/21545817/b1/en/front/21545817_front_a01_@2.png" srcset="https://assets.shop.loblaws.ca/products/21545817/b1/en/front/21545817_front_a01_@2.png 1x, https://assets.shop.loblaws.ca/products/21545817/b1/en/front/21545817_front_a01_@2.png 2x" loading="lazy" class="chakra-image css-oguq8l" aria-hidden="true"></div><div class="css-qoklea"><div class="css-12dchmx"><div class="chakra-badge css-1esrteb" data-testid="product-badge"><div class="css-u4p24i">Hit of the Month</div></div></div><div data-testid="price-product-tile" class="css-edgrx3"><p class="chakra-text css-0"></p><p class="chakra-text css-o93gbd" data-testid="mop-regular-price"><span class="css-idkz9h">$3.00 Member Price</span>$3.00 Member Price</p><p class="chakra-text css-0"><span class="chakra-text css-1wji473" data-testid="non-members-price"><span class="css-idkz9h">$3.50 Non-Members</span>$3.50 Non-Members</span><span class="chakra-text css-esi4gg" data-testid="was-price"><span class="css-idkz9h">$5.99</span>$5.99</span></p><p class="chakra-text css-8jjhvs" data-testid="price-descriptor">SAVE $2.49</p></div><a href="/swedish-berries-candy-gummy-candy-sharing-size/p/21545817_EA?source=nspt" class="chakra-linkbox__overlay css-1hnz6hu"><div class="css-0"><p class="chakra-text css-1ecdp9w" data-testid="product-brand">Maynards</p><h3 class="chakra-heading css-6qrhwc" id="21545817_EA" data-testid="product-title">Swedish Berries Candy, Gummy Candy, Sharing Size</h3><p class="chakra-text css-1yftjin" data-testid="product-package-size">315 g, $1.11/100g</p></div></a><div class="css-8keand"></div></div><div class="css-1q5omjq"><div class="css-fcebb8"><div data-testid="atc-compact" class="css-y94ivq" style="width: 45px;"><button type="button" class="chakra-button css-mudsm6" data-testid="atc-button"><svg stroke="currentColor" fill="currentColor" stroke-width="0" viewBox="0 0 24 24" focusable="false" class="chakra-icon css-1g3sp7a" data-testid="btn-icon" aria-hidden="true" height="1em" width="1em" xmlns="http://www.w3.org/2000/svg"><path d="M19 13h-6v6h-2v-6H5v-2h6V5h2v6h6v2z"></path></svg><span class="css-idkz9h">Add Swedish Berries Candy, Gummy Candy, Sharing Size to cart</span></button></div></div></div></div></div></li></ul></div></div><div id=":r11:" class="css-0"> </div></div><div class="chakra-container css-1yvva6b" data-testid="section"><div class="css-147ar3n"><div class="css-2imjyh"></div><div class="css-owofrc"><div class="css-1pzcvyn"><div class="css-1pzcvyn"><h2 class="chakra-heading css-1thmpx" data-testid="heading">save with no name®</h2></div></div><a class="chakra-link css-jmtsim" data-testid="header-link" href="/collection/no-name?icid=gr_no%20name_productcarousel_2_hp" aria-label="Shop now save with no name®">Shop now</a></div></div><a class="chakra-link css-14qfziv" href="#:r12:">skip save with no name®</a><div class="css-10cksfv"><div class="indiana-scroll-container"><ul role="list" class="css-7i2yy7"><li tabindex="-1" class="css-0"><div class="css-f5i5wc"><div class="chakra-linkbox css-vhnn8v"><div data-testid="product-image" class="css-16dr4ly"><img alt="No Name Regular Potato Chips  200 g, $1.00/100g" src="https://assets.shop.loblaws.ca/products/21302823/b1/en/front/21302823_front_a01_@2.png" srcset="https://assets.shop.loblaws.ca/products/21302823/b1/en/front/21302823_front_a01_@2.png 1x, https://assets.shop.loblaws.ca/products/21302823/b1/en/front/21302823_front_a01_@2.png 2x" loading="lazy" class="chakra-image css-oguq8l" aria-hidden="true"></div><div class="css-qoklea"><div class="css-12dchmx"></div><div data-testid="price-product-tile" class="css-8atqhb"><p class="chakra-text css-0"><span class="chakra-text css-pwnbcb" data-testid="regular-price"><span class="css-idkz9h">$1.99</span>$1.99</span></p></div><a href="/regular-potato-chips/p/21302823_EA?source=nspt" class="chakra-linkbox__overlay css-1hnz6hu"><div class="css-0"><p class="chakra-text css-1ecdp9w" data-testid="product-brand">No Name</p><h3 class="chakra-heading css-6qrhwc" id="21302823_EA" data-testid="product-title">Regular Potato Chips </h3><p class="chakra-text css-1yftjin" data-testid="product-package-size">200 g, $1.00/100g</p></div></a><div class="css-8keand"></div></div><div class="css-1q5omjq"><div class="css-fcebb8"><div data-testid="atc-compact" class="css-y94ivq" style="width: 45px;"><button type="button" class="chakra-button css-mudsm6" data-testid="atc-button"><svg stroke="currentColor" fill="currentColor" stroke-width="0" viewBox="0 0 24 24" focusable="false" class="chakra-icon css-1g3sp7a" data-testid="btn-icon" aria-hidden="true" height="1em" width="1em" xmlns="http://www.w3.org/2000/svg"><path d="M19 13h-6v6h-2v-6H5v-2h6V5h2v6h6v2z"></path></svg><span class="css-idkz9h">Add Regular Potato Chips  to cart</span></button></div></div></div></div></div></li><li tabindex="-1" class="css-0"><div class="css-f5i5wc"><div class="chakra-linkbox css-vhnn8v"><div data-testid="product-image" class="css-16dr4ly"><img alt="No Name Thin Crust Pizza, Pepperoni 350 g, $0.95/100g" src="https://assets.shop.loblaws.ca/products/21541441/b1/en/front/21541441_front_a01_@2.png" srcset="https://assets.shop.loblaws.ca/products/21541441/b1/en/front/21541441_front_a01_@2.png 1x, https://assets.shop.loblaws.ca/products/21541441/b1/en/front/21541441_front_a01_@2.png 2x" loading="lazy" class="chakra-image css-oguq8l" aria-hidden="true"></div><div class="css-qoklea"><div class="css-12dchmx"></div><div data-testid="price-product-tile" class="css-8atqhb"><p class="chakra-text css-0"><span class="chakra-text css-pwnbcb" data-testid="regular-price"><span class="css-idkz9h">$3.50</span>$3.50</span></p></div><a href="/thin-crust-pizza-pepperoni/p/21541441_EA?source=nspt" class="chakra-linkbox__overlay css-1hnz6hu"><div class="css-0"><p class="chakra-text css-1ecdp9w" data-testid="product-brand">No Name</p><h3 class="chakra-heading css-6qrhwc" id="21541441_EA" data-testid="product-title">Thin Crust Pizza, Pepperoni</h3><p class="chakra-text css-1yftjin" data-testid="product-package-size">350 g, $0.95/100g</p></div></a><div class="css-8keand"></div></div><div class="css-1q5omjq"><div class="css-fcebb8"><div data-testid="atc-compact" class="css-y94ivq" style="width: 45px;"><button type="button" class="chakra-button css-mudsm6" data-testid="atc-button"><svg stroke="currentColor" fill="currentColor" stroke-width="0" viewBox="0 0 24 24" focusable="false" class="chakra-icon css-1g3sp7a" data-testid="btn-icon" aria-hidden="true" height="1em" width="1em" xmlns="http://www.w3.org/2000/svg"><path d="M19 13h-6v6h-2v-6H5v-2h6V5h2v6h6v2z"></path></svg><span class="css-idkz9h">Add Thin Crust Pizza, Pepperoni to cart</span></button></div></div></div></div></div></li><li tabindex="-1" class="css-0"><div class="css-f5i5wc"><div class="chakra-linkbox css-vhnn8v"><div data-testid="product-image" class="css-16dr4ly"><img alt="No Name Naturally Imperfect Sliced Strawberries 400 g, $0.87/100g" src="https://assets.shop.loblaws.ca/products/21545106/b1/en/front/21545106_front_a01_@2.png" srcset="https://assets.shop.loblaws.ca/products/21545106/b1/en/front/21545106_front_a01_@2.png 1x, https://assets.shop.loblaws.ca/products/21545106/b1/en/front/21545106_front_a01_@2.png 2x" loading="lazy" class="chakra-image css-oguq8l" aria-hidden="true"></div><div class="css-qoklea"><div class="css-12dchmx"></div><div data-testid="price-product-tile" class="css-8atqhb"><p class="chakra-text css-0"><span class="chakra-text css-o93gbd" data-testid="sale-price"><span class="css-idkz9h">$3.00 MIN 2</span>$3.00 MIN 2</span></p><p class="chakra-text css-0"><span class="chakra-text css-1wji473" data-testid="non-members-price"><span class="css-idkz9h">$3.49</span>$3.49</span><span class="chakra-text css-esi4gg" data-testid="was-price"><span class="css-idkz9h"></span></span></p></div><a href="/naturally-imperfect-sliced-strawberries/p/21545106_EA?source=nspt" class="chakra-linkbox__overlay css-1hnz6hu"><div class="css-0"><p class="chakra-text css-1ecdp9w" data-testid="product-brand">No Name</p><h3 class="chakra-heading css-6qrhwc" id="21545106_EA" data-testid="product-title">Naturally Imperfect Sliced Strawberries</h3><p class="chakra-text css-1yftjin" data-testid="product-package-size">400 g, $0.87/100g</p></div></a><div class="css-8keand"></div></div><div class="css-1q5omjq"><div class="css-fcebb8"><div data-testid="atc-compact" class="css-y94ivq" style="width: 45px;"><button type="button" class="chakra-button css-mudsm6" data-testid="atc-button"><svg stroke="currentColor" fill="currentColor" stroke-width="0" viewBox="0 0 24 24" focusable="false" class="chakra-icon css-1g3sp7a" data-testid="btn-icon" aria-hidden="true" height="1em" width="1em" xmlns="http://www.w3.org/2000/svg"><path d="M19 13h-6v6h-2v-6H5v-2h6V5h2v6h6v2z"></path></svg><span class="css-idkz9h">Add Naturally Imperfect Sliced Strawberries to cart</span></button></div></div></div></div></div></li><li tabindex="-1" class="css-0"><div class="css-f5i5wc"><div class="chakra-linkbox css-vhnn8v"><div data-testid="product-image" class="css-16dr4ly"><img alt="No Name Spaghetti Pasta 900 g, $0.28/100g" src="https://assets.shop.loblaws.ca/products/20315613002/b1/en/front/20315613002_front_a01_@2.png" srcset="https://assets.shop.loblaws.ca/products/20315613002/b1/en/front/20315613002_front_a01_@2.png 1x, https://assets.shop.loblaws.ca/products/20315613002/b1/en/front/20315613002_front_a01_@2.png 2x" loading="lazy" class="chakra-image css-oguq8l" aria-hidden="true"></div><div class="css-qoklea"><div class="css-12dchmx"></div><div data-testid="price-product-tile" class="css-8atqhb"><p class="chakra-text css-0"><span class="chakra-text css-o93gbd" data-testid="sale-price"><span class="css-idkz9h">$2.00 MIN 2</span>$2.00 MIN 2</span></p><p class="chakra-text css-0"><span class="chakra-text css-1wji473" data-testid="non-members-price"><span class="css-idkz9h">$2.49</span>$2.49</span><span class="chakra-text css-esi4gg" data-testid="was-price"><span class="css-idkz9h"></span></span></p></div><a href="/spaghetti-pasta/p/20315613002_EA?source=nspt" class="chakra-linkbox__overlay css-1hnz6hu"><div class="css-0"><p class="chakra-text css-1ecdp9w" data-testid="product-brand">No Name</p><h3 class="chakra-heading css-6qrhwc" id="20315613002_EA" data-testid="product-title">Spaghetti Pasta</h3><p class="chakra-text css-1yftjin" data-testid="product-package-size">900 g, $0.28/100g</p></div></a><div class="css-8keand"></div></div><div class="css-1q5omjq"><div class="css-fcebb8"><div data-testid="atc-compact" class="css-y94ivq" style="width: 45px;"><button type="button" class="chakra-button css-mudsm6" data-testid="atc-button"><svg stroke="currentColor" fill="currentColor" stroke-width="0" viewBox="0 0 24 24" focusable="false" class="chakra-icon css-1g3sp7a" data-testid="btn-icon" aria-hidden="true" height="1em" width="1em" xmlns="http://www.w3.org/2000/svg"><path d="M19 13h-6v6h-2v-6H5v-2h6V5h2v6h6v2z"></path></svg><span class="css-idkz9h">Add Spaghetti Pasta to cart</span></button></div></div></div></div></div></li><li tabindex="-1" class="css-0"><div class="css-f5i5wc"><div class="chakra-linkbox css-vhnn8v"><div data-testid="product-image" class="css-16dr4ly"><img alt="No Name Regular Ripple Cut Potato Chips 200 g, $1.00/100g" src="https://assets.shop.loblaws.ca/products/21302821/b1/en/front/21302821_front_a01_@2.png" srcset="https://assets.shop.loblaws.ca/products/21302821/b1/en/front/21302821_front_a01_@2.png 1x, https://assets.shop.loblaws.ca/products/21302821/b1/en/front/21302821_front_a01_@2.png 2x" loading="lazy" class="chakra-image css-oguq8l" aria-hidden="true"></div><div class="css-qoklea"><div class="css-12dchmx"></div><div data-testid="price-product-tile" class="css-8atqhb"><p class="chakra-text css-0"><span class="chakra-text css-pwnbcb" data-testid="regular-price"><span class="css-idkz9h">$1.99</span>$1.99</span></p></div><a href="/regular-ripple-cut-potato-chips/p/21302821_EA?source=nspt" class="chakra-linkbox__overlay css-1hnz6hu"><div class="css-0"><p class="chakra-text css-1ecdp9w" data-testid="product-brand">No Name</p><h3 class="chakra-heading css-6qrhwc" id="21302821_EA" data-testid="product-title">Regular Ripple Cut Potato Chips</h3><p class="chakra-text css-1yftjin" data-testid="product-package-size">200 g, $1.00/100g</p></div></a><div class="css-8keand"></div></div><div class="css-1q5omjq"><div class="css-fcebb8"><div data-testid="atc-compact" class="css-y94ivq" style="width: 45px;"><button type="button" class="chakra-button css-mudsm6" data-testid="atc-button"><svg stroke="currentColor" fill="currentColor" stroke-width="0" viewBox="0 0 24 24" focusable="false" class="chakra-icon css-1g3sp7a" data-testid="btn-icon" aria-hidden="true" height="1em" width="1em" xmlns="http://www.w3.org/2000/svg"><path d="M19 13h-6v6h-2v-6H5v-2h6V5h2v6h6v2z"></path></svg><span class="css-idkz9h">Add Regular Ripple Cut Potato Chips to cart</span></button></div></div></div></div></div></li><li tabindex="-1" class="css-0"><div class="css-f5i5wc"><div class="chakra-linkbox css-vhnn8v"><div data-testid="product-image" class="css-16dr4ly"><img alt="No Name Elbow Macaroni Pasta 900 g, $0.28/100g" src="https://assets.shop.loblaws.ca/products/20315613003/b1/en/front/20315613003_front_a01_@2.png" srcset="https://assets.shop.loblaws.ca/products/20315613003/b1/en/front/20315613003_front_a01_@2.png 1x, https://assets.shop.loblaws.ca/products/20315613003/b1/en/front/20315613003_front_a01_@2.png 2x" loading="lazy" class="chakra-image css-oguq8l" aria-hidden="true"></div><div class="css-qoklea"><div class="css-12dchmx"></div><div data-testid="price-product-tile" class="css-8atqhb"><p class="chakra-text css-0"><span class="chakra-text css-o93gbd" data-testid="sale-price"><span class="css-idkz9h">$2.00 MIN 2</span>$2.00 MIN 2</span></p><p class="chakra-text css-0"><span class="chakra-text css-1wji473" data-testid="non-members-price"><span class="css-idkz9h">$2.49</span>$2.49</span><span class="chakra-text css-esi4gg" data-testid="was-price"><span class="css-idkz9h"></span></span></p></div><a href="/elbow-macaroni-pasta/p/20315613003_EA?source=nspt" class="chakra-linkbox__overlay css-1hnz6hu"><div class="css-0"><p class="chakra-text css-1ecdp9w" data-testid="product-brand">No Name</p><h3 class="chakra-heading css-6qrhwc" id="20315613003_EA" data-testid="product-title">Elbow Macaroni Pasta</h3><p class="chakra-text css-1yftjin" data-testid="product-package-size">900 g, $0.28/100g</p></div></a><div class="css-8keand"></div></div><div class="css-1q5omjq"><div class="css-fcebb8"><div data-testid="atc-compact" class="css-y94ivq" style="width: 45px;"><button type="button" class="chakra-button css-mudsm6" data-testid="atc-button"><svg stroke="currentColor" fill="currentColor" stroke-width="0" viewBox="0 0 24 24" focusable="false" class="chakra-icon css-1g3sp7a" data-testid="btn-icon" aria-hidden="true" height="1em" width="1em" xmlns="http://www.w3.org/2000/svg"><path d="M19 13h-6v6h-2v-6H5v-2h6V5h2v6h6v2z"></path></svg><span class="css-idkz9h">Add Elbow Macaroni Pasta to cart</span></button></div></div></div></div></div></li><li tabindex="-1" class="css-0"><div class="css-f5i5wc"><div class="chakra-linkbox css-vhnn8v"><div data-testid="product-image" class="css-16dr4ly"><img alt="No Name Naturally Imperfect Cultivated Blueberries 300 g, $1.16/100g" src="https://assets.shop.loblaws.ca/products/21545097/b1/en/front/21545097_front_a01_@2.png" srcset="https://assets.shop.loblaws.ca/products/21545097/b1/en/front/21545097_front_a01_@2.png 1x, https://assets.shop.loblaws.ca/products/21545097/b1/en/front/21545097_front_a01_@2.png 2x" loading="lazy" class="chakra-image css-oguq8l" aria-hidden="true"></div><div class="css-qoklea"><div class="css-12dchmx"></div><div data-testid="price-product-tile" class="css-8atqhb"><p class="chakra-text css-0"><span class="chakra-text css-o93gbd" data-testid="sale-price"><span class="css-idkz9h">$3.00 MIN 2</span>$3.00 MIN 2</span></p><p class="chakra-text css-0"><span class="chakra-text css-1wji473" data-testid="non-members-price"><span class="css-idkz9h">$3.49</span>$3.49</span><span class="chakra-text css-esi4gg" data-testid="was-price"><span class="css-idkz9h"></span></span></p></div><a href="/naturally-imperfect-cultivated-blueberries/p/21545097_EA?source=nspt" class="chakra-linkbox__overlay css-1hnz6hu"><div class="css-0"><p class="chakra-text css-1ecdp9w" data-testid="product-brand">No Name</p><h3 class="chakra-heading css-6qrhwc" id="21545097_EA" data-testid="product-title">Naturally Imperfect Cultivated Blueberries</h3><p class="chakra-text css-1yftjin" data-testid="product-package-size">300 g, $1.16/100g</p></div></a><div class="css-8keand"></div></div><div class="css-1q5omjq"><div class="css-fcebb8"><div data-testid="atc-compact" class="css-y94ivq" style="width: 45px;"><button type="button" class="chakra-button css-mudsm6" data-testid="atc-button"><svg stroke="currentColor" fill="currentColor" stroke-width="0" viewBox="0 0 24 24" focusable="false" class="chakra-icon css-1g3sp7a" data-testid="btn-icon" aria-hidden="true" height="1em" width="1em" xmlns="http://www.w3.org/2000/svg"><path d="M19 13h-6v6h-2v-6H5v-2h6V5h2v6h6v2z"></path></svg><span class="css-idkz9h">Add Naturally Imperfect Cultivated Blueberries to cart</span></button></div></div></div></div></div></li><li tabindex="-1" class="css-0"><div class="css-f5i5wc"><div class="chakra-linkbox css-vhnn8v"><div data-testid="product-image" class="css-16dr4ly"><img alt="No Name Thin Crust Pizza, Cheese 369 g, $0.95/100g" src="https://assets.shop.loblaws.ca/products/21541429/b1/en/front/21541429_front_a01_@2.png" srcset="https://assets.shop.loblaws.ca/products/21541429/b1/en/front/21541429_front_a01_@2.png 1x, https://assets.shop.loblaws.ca/products/21541429/b1/en/front/21541429_front_a01_@2.png 2x" loading="lazy" class="chakra-image css-oguq8l" aria-hidden="true"></div><div class="css-qoklea"><div class="css-12dchmx"></div><div data-testid="price-product-tile" class="css-8atqhb"><p class="chakra-text css-0"><span class="chakra-text css-pwnbcb" data-testid="regular-price"><span class="css-idkz9h">$3.50</span>$3.50</span></p></div><a href="/thin-crust-pizza-cheese/p/21541429_EA?source=nspt" class="chakra-linkbox__overlay css-1hnz6hu"><div class="css-0"><p class="chakra-text css-1ecdp9w" data-testid="product-brand">No Name</p><h3 class="chakra-heading css-6qrhwc" id="21541429_EA" data-testid="product-title">Thin Crust Pizza, Cheese</h3><p class="chakra-text css-1yftjin" data-testid="product-package-size">369 g, $0.95/100g</p></div></a><div class="css-8keand"></div></div><div class="css-1q5omjq"><div class="css-fcebb8"><div data-testid="atc-compact" class="css-y94ivq" style="width: 45px;"><button type="button" class="chakra-button css-mudsm6" data-testid="atc-button"><svg stroke="currentColor" fill="currentColor" stroke-width="0" viewBox="0 0 24 24" focusable="false" class="chakra-icon css-1g3sp7a" data-testid="btn-icon" aria-hidden="true" height="1em" width="1em" xmlns="http://www.w3.org/2000/svg"><path d="M19 13h-6v6h-2v-6H5v-2h6V5h2v6h6v2z"></path></svg><span class="css-idkz9h">Add Thin Crust Pizza, Cheese to cart</span></button></div></div></div></div></div></li><li tabindex="-1" class="css-0"><div class="css-f5i5wc"><div class="chakra-linkbox css-vhnn8v"><div data-testid="product-image" class="css-16dr4ly"><img alt="No Name Dill Pickle Potato Chips 200 g, $1.00/100g" src="https://assets.shop.loblaws.ca/products/21302943/b1/en/front/21302943_front_a01_@2.png" srcset="https://assets.shop.loblaws.ca/products/21302943/b1/en/front/21302943_front_a01_@2.png 1x, https://assets.shop.loblaws.ca/products/21302943/b1/en/front/21302943_front_a01_@2.png 2x" loading="lazy" class="chakra-image css-oguq8l" aria-hidden="true"></div><div class="css-qoklea"><div class="css-12dchmx"></div><div data-testid="price-product-tile" class="css-8atqhb"><p class="chakra-text css-0"><span class="chakra-text css-pwnbcb" data-testid="regular-price"><span class="css-idkz9h">$1.99</span>$1.99</span></p></div><a href="/dill-pickle-potato-chips/p/21302943_EA?source=nspt" class="chakra-linkbox__overlay css-1hnz6hu"><div class="css-0"><p class="chakra-text css-1ecdp9w" data-testid="product-brand">No Name</p><h3 class="chakra-heading css-6qrhwc" id="21302943_EA" data-testid="product-title">Dill Pickle Potato Chips</h3><p class="chakra-text css-1yftjin" data-testid="product-package-size">200 g, $1.00/100g</p></div></a><div class="css-8keand"></div></div><div class="css-1q5omjq"><div class="css-fcebb8"><div data-testid="atc-compact" class="css-y94ivq" style="width: 45px;"><button type="button" class="chakra-button css-mudsm6" data-testid="atc-button"><svg stroke="currentColor" fill="currentColor" stroke-width="0" viewBox="0 0 24 24" focusable="false" class="chakra-icon css-1g3sp7a" data-testid="btn-icon" aria-hidden="true" height="1em" width="1em" xmlns="http://www.w3.org/2000/svg"><path d="M19 13h-6v6h-2v-6H5v-2h6V5h2v6h6v2z"></path></svg><span class="css-idkz9h">Add Dill Pickle Potato Chips to cart</span></button></div></div></div></div></div></li><li tabindex="-1" class="css-0"><div class="css-f5i5wc"><div class="chakra-linkbox css-vhnn8v"><div data-testid="product-image" class="css-16dr4ly"><img alt="No Name Spaghettini Pasta 900 g, $0.28/100g" src="https://assets.shop.loblaws.ca/products/20315613001/b1/en/front/20315613001_front_a01_@2.png" srcset="https://assets.shop.loblaws.ca/products/20315613001/b1/en/front/20315613001_front_a01_@2.png 1x, https://assets.shop.loblaws.ca/products/20315613001/b1/en/front/20315613001_front_a01_@2.png 2x" loading="lazy" class="chakra-image css-oguq8l" aria-hidden="true"></div><div class="css-qoklea"><div class="css-12dchmx"></div><div data-testid="price-product-tile" class="css-8atqhb"><p class="chakra-text css-0"><span class="chakra-text css-o93gbd" data-testid="sale-price"><span class="css-idkz9h">$2.00 MIN 2</span>$2.00 MIN 2</span></p><p class="chakra-text css-0"><span class="chakra-text css-1wji473" data-testid="non-members-price"><span class="css-idkz9h">$2.49</span>$2.49</span><span class="chakra-text css-esi4gg" data-testid="was-price"><span class="css-idkz9h"></span></span></p></div><a href="/spaghettini-pasta/p/20315613001_EA?source=nspt" class="chakra-linkbox__overlay css-1hnz6hu"><div class="css-0"><p class="chakra-text css-1ecdp9w" data-testid="product-brand">No Name</p><h3 class="chakra-heading css-6qrhwc" id="20315613001_EA" data-testid="product-title">Spaghettini Pasta</h3><p class="chakra-text css-1yftjin" data-testid="product-package-size">900 g, $0.28/100g</p></div></a><div class="css-8keand"></div></div><div class="css-1q5omjq"><div class="css-fcebb8"><div data-testid="atc-compact" class="css-y94ivq" style="width: 45px;"><button type="button" class="chakra-button css-mudsm6" data-testid="atc-button"><svg stroke="currentColor" fill="currentColor" stroke-width="0" viewBox="0 0 24 24" focusable="false" class="chakra-icon css-1g3sp7a" data-testid="btn-icon" aria-hidden="true" height="1em" width="1em" xmlns="http://www.w3.org/2000/svg"><path d="M19 13h-6v6h-2v-6H5v-2h6V5h2v6h6v2z"></path></svg><span class="css-idkz9h">Add Spaghettini Pasta to cart</span></button></div></div></div></div></div></li><li tabindex="-1" class="css-0"><div class="css-f5i5wc"><div class="chakra-linkbox css-vhnn8v"><div data-testid="product-image" class="css-16dr4ly"><img alt="No Name Naturally Imperfect Mango Chunks 400 g, $0.87/100g" src="https://assets.shop.loblaws.ca/products/21545092/b1/en/front/21545092_front_a01_@2.png" srcset="https://assets.shop.loblaws.ca/products/21545092/b1/en/front/21545092_front_a01_@2.png 1x, https://assets.shop.loblaws.ca/products/21545092/b1/en/front/21545092_front_a01_@2.png 2x" loading="lazy" class="chakra-image css-oguq8l" aria-hidden="true"></div><div class="css-qoklea"><div class="css-12dchmx"></div><div data-testid="price-product-tile" class="css-8atqhb"><p class="chakra-text css-0"><span class="chakra-text css-o93gbd" data-testid="sale-price"><span class="css-idkz9h">$3.00 MIN 2</span>$3.00 MIN 2</span></p><p class="chakra-text css-0"><span class="chakra-text css-1wji473" data-testid="non-members-price"><span class="css-idkz9h">$3.49</span>$3.49</span><span class="chakra-text css-esi4gg" data-testid="was-price"><span class="css-idkz9h"></span></span></p></div><a href="/naturally-imperfect-mango-chunks/p/21545092_EA?source=nspt" class="chakra-linkbox__overlay css-1hnz6hu"><div class="css-0"><p class="chakra-text css-1ecdp9w" data-testid="product-brand">No Name</p><h3 class="chakra-heading css-6qrhwc" id="21545092_EA" data-testid="product-title">Naturally Imperfect Mango Chunks</h3><p class="chakra-text css-1yftjin" data-testid="product-package-size">400 g, $0.87/100g</p></div></a><div class="css-8keand"></div></div><div class="css-1q5omjq"><div class="css-fcebb8"><div data-testid="atc-compact" class="css-y94ivq" style="width: 45px;"><button type="button" class="chakra-button css-mudsm6" data-testid="atc-button"><svg stroke="currentColor" fill="currentColor" stroke-width="0" viewBox="0 0 24 24" focusable="false" class="chakra-icon css-1g3sp7a" data-testid="btn-icon" aria-hidden="true" height="1em" width="1em" xmlns="http://www.w3.org/2000/svg"><path d="M19 13h-6v6h-2v-6H5v-2h6V5h2v6h6v2z"></path></svg><span class="css-idkz9h">Add Naturally Imperfect Mango Chunks to cart</span></button></div></div></div></div></div></li><li tabindex="-1" class="css-0"><div class="css-f5i5wc"><div class="chakra-linkbox css-vhnn8v"><div data-testid="product-image" class="css-16dr4ly"><img alt="No Name Thin Crust Pizza, Spinach 411 g, $0.85/100g" src="https://assets.shop.loblaws.ca/products/21541444/b1/en/front/21541444_front_a01_@2.png" srcset="https://assets.shop.loblaws.ca/products/21541444/b1/en/front/21541444_front_a01_@2.png 1x, https://assets.shop.loblaws.ca/products/21541444/b1/en/front/21541444_front_a01_@2.png 2x" loading="lazy" class="chakra-image css-oguq8l" aria-hidden="true"></div><div class="css-qoklea"><div class="css-12dchmx"></div><div data-testid="price-product-tile" class="css-8atqhb"><p class="chakra-text css-0"><span class="chakra-text css-pwnbcb" data-testid="regular-price"><span class="css-idkz9h">$3.50</span>$3.50</span></p></div><a href="/thin-crust-pizza-spinach/p/21541444_EA?source=nspt" class="chakra-linkbox__overlay css-1hnz6hu"><div class="css-0"><p class="chakra-text css-1ecdp9w" data-testid="product-brand">No Name</p><h3 class="chakra-heading css-6qrhwc" id="21541444_EA" data-testid="product-title">Thin Crust Pizza, Spinach</h3><p class="chakra-text css-1yftjin" data-testid="product-package-size">411 g, $0.85/100g</p></div></a><div class="css-8keand"></div></div><div class="css-1q5omjq"><div class="css-fcebb8"><div data-testid="atc-compact" class="css-y94ivq" style="width: 45px;"><button type="button" class="chakra-button css-mudsm6" data-testid="atc-button"><svg stroke="currentColor" fill="currentColor" stroke-width="0" viewBox="0 0 24 24" focusable="false" class="chakra-icon css-1g3sp7a" data-testid="btn-icon" aria-hidden="true" height="1em" width="1em" xmlns="http://www.w3.org/2000/svg"><path d="M19 13h-6v6h-2v-6H5v-2h6V5h2v6h6v2z"></path></svg><span class="css-idkz9h">Add Thin Crust Pizza, Spinach to cart</span></button></div></div></div></div></div></li><li tabindex="-1" class="css-0"><div class="css-f5i5wc"><div class="chakra-linkbox css-vhnn8v"><div data-testid="product-image" class="css-16dr4ly"><img alt="No Name Lightly Salted Rippled Potato Chips 200 g, $1.00/100g" src="https://assets.shop.loblaws.ca/products/21302935/b1/en/front/21302935_front_a01_@2.png" srcset="https://assets.shop.loblaws.ca/products/21302935/b1/en/front/21302935_front_a01_@2.png 1x, https://assets.shop.loblaws.ca/products/21302935/b1/en/front/21302935_front_a01_@2.png 2x" loading="lazy" class="chakra-image css-oguq8l" aria-hidden="true"></div><div class="css-qoklea"><div class="css-12dchmx"></div><div data-testid="price-product-tile" class="css-8atqhb"><p class="chakra-text css-0"><span class="chakra-text css-pwnbcb" data-testid="regular-price"><span class="css-idkz9h">$1.99</span>$1.99</span></p></div><a href="/lightly-salted-rippled-potato-chips/p/21302935_EA?source=nspt" class="chakra-linkbox__overlay css-1hnz6hu"><div class="css-0"><p class="chakra-text css-1ecdp9w" data-testid="product-brand">No Name</p><h3 class="chakra-heading css-6qrhwc" id="21302935_EA" data-testid="product-title">Lightly Salted Rippled Potato Chips</h3><p class="chakra-text css-1yftjin" data-testid="product-package-size">200 g, $1.00/100g</p></div></a><div class="css-8keand"></div></div><div class="css-1q5omjq"><div class="css-fcebb8"><div data-testid="atc-compact" class="css-y94ivq" style="width: 45px;"><button type="button" class="chakra-button css-mudsm6" data-testid="atc-button"><svg stroke="currentColor" fill="currentColor" stroke-width="0" viewBox="0 0 24 24" focusable="false" class="chakra-icon css-1g3sp7a" data-testid="btn-icon" aria-hidden="true" height="1em" width="1em" xmlns="http://www.w3.org/2000/svg"><path d="M19 13h-6v6h-2v-6H5v-2h6V5h2v6h6v2z"></path></svg><span class="css-idkz9h">Add Lightly Salted Rippled Potato Chips to cart</span></button></div></div></div></div></div></li><li tabindex="-1" class="css-0"><div class="css-f5i5wc"><div class="chakra-linkbox css-vhnn8v"><div data-testid="product-image" class="css-16dr4ly"><img alt="No Name Sour Cream &amp; Onion Potato Chips  200 g, $1.00/100g" src="https://assets.shop.loblaws.ca/products/21302793/b1/en/front/21302793_front_a01_@2.png" srcset="https://assets.shop.loblaws.ca/products/21302793/b1/en/front/21302793_front_a01_@2.png 1x, https://assets.shop.loblaws.ca/products/21302793/b1/en/front/21302793_front_a01_@2.png 2x" loading="lazy" class="chakra-image css-oguq8l" aria-hidden="true"></div><div class="css-qoklea"><div class="css-12dchmx"></div><div data-testid="price-product-tile" class="css-8atqhb"><p class="chakra-text css-0"><span class="chakra-text css-pwnbcb" data-testid="regular-price"><span class="css-idkz9h">$1.99</span>$1.99</span></p></div><a href="/sour-cream-onion-potato-chips/p/21302793_EA?source=nspt" class="chakra-linkbox__overlay css-1hnz6hu"><div class="css-0"><p class="chakra-text css-1ecdp9w" data-testid="product-brand">No Name</p><h3 class="chakra-heading css-6qrhwc" id="21302793_EA" data-testid="product-title">Sour Cream &amp; Onion Potato Chips </h3><p class="chakra-text css-1yftjin" data-testid="product-package-size">200 g, $1.00/100g</p></div></a><div class="css-8keand"></div></div><div class="css-1q5omjq"><div class="css-fcebb8"><div data-testid="atc-compact" class="css-y94ivq" style="width: 45px;"><button type="button" class="chakra-button css-mudsm6" data-testid="atc-button"><svg stroke="currentColor" fill="currentColor" stroke-width="0" viewBox="0 0 24 24" focusable="false" class="chakra-icon css-1g3sp7a" data-testid="btn-icon" aria-hidden="true" height="1em" width="1em" xmlns="http://www.w3.org/2000/svg"><path d="M19 13h-6v6h-2v-6H5v-2h6V5h2v6h6v2z"></path></svg><span class="css-idkz9h">Add Sour Cream &amp; Onion Potato Chips  to cart</span></button></div></div></div></div></div></li><li tabindex="-1" class="css-0"><div class="css-f5i5wc"><div class="chakra-linkbox css-vhnn8v"><div data-testid="product-image" class="css-16dr4ly"><img alt="No Name Barbecue Potato Chips 200 g, $1.00/100g" src="https://assets.shop.loblaws.ca/products/21302937/b1/en/front/21302937_front_a01_@2.png" srcset="https://assets.shop.loblaws.ca/products/21302937/b1/en/front/21302937_front_a01_@2.png 1x, https://assets.shop.loblaws.ca/products/21302937/b1/en/front/21302937_front_a01_@2.png 2x" loading="lazy" class="chakra-image css-oguq8l" aria-hidden="true"></div><div class="css-qoklea"><div class="css-12dchmx"></div><div data-testid="price-product-tile" class="css-8atqhb"><p class="chakra-text css-0"><span class="chakra-text css-pwnbcb" data-testid="regular-price"><span class="css-idkz9h">$1.99</span>$1.99</span></p></div><a href="/barbecue-potato-chips/p/21302937_EA?source=nspt" class="chakra-linkbox__overlay css-1hnz6hu"><div class="css-0"><p class="chakra-text css-1ecdp9w" data-testid="product-brand">No Name</p><h3 class="chakra-heading css-6qrhwc" id="21302937_EA" data-testid="product-title">Barbecue Potato Chips</h3><p class="chakra-text css-1yftjin" data-testid="product-package-size">200 g, $1.00/100g</p></div></a><div class="css-8keand"></div></div><div class="css-1q5omjq"><div class="css-fcebb8"><div data-testid="atc-compact" class="css-y94ivq" style="width: 45px;"><button type="button" class="chakra-button css-mudsm6" data-testid="atc-button"><svg stroke="currentColor" fill="currentColor" stroke-width="0" viewBox="0 0 24 24" focusable="false" class="chakra-icon css-1g3sp7a" data-testid="btn-icon" aria-hidden="true" height="1em" width="1em" xmlns="http://www.w3.org/2000/svg"><path d="M19 13h-6v6h-2v-6H5v-2h6V5h2v6h6v2z"></path></svg><span class="css-idkz9h">Add Barbecue Potato Chips to cart</span></button></div></div></div></div></div></li><li tabindex="-1" class="css-0"><div class="css-f5i5wc"><div class="chakra-linkbox css-vhnn8v"><div data-testid="product-image" class="css-16dr4ly"><img alt="No Name Cookies &amp; Cream Ice Cream Sandwiches  24x120.0 ml, $0.35/100ml" src="https://assets.shop.loblaws.ca/products/21283326/b1/en/front/21283326_front_a01_@2.png" srcset="https://assets.shop.loblaws.ca/products/21283326/b1/en/front/21283326_front_a01_@2.png 1x, https://assets.shop.loblaws.ca/products/21283326/b1/en/front/21283326_front_a01_@2.png 2x" loading="lazy" class="chakra-image css-oguq8l" aria-hidden="true"></div><div class="css-qoklea"><div class="css-12dchmx"></div><div data-testid="price-product-tile" class="css-8atqhb"><p class="chakra-text css-0"><span class="chakra-text css-o93gbd" data-testid="sale-price"><span class="css-idkz9h">$10.00</span>$10.00</span><span class="chakra-text css-623q5h" data-testid="was-price"><span class="css-idkz9h">$12.99</span>$12.99</span></p><p class="chakra-text css-1m5a6y8" data-testid="price-descriptor">SAVE $2.99</p></div><a href="/cookies-cream-ice-cream-sandwiches/p/21283326_EA?source=nspt" class="chakra-linkbox__overlay css-1hnz6hu"><div class="css-0"><p class="chakra-text css-1ecdp9w" data-testid="product-brand">No Name</p><h3 class="chakra-heading css-6qrhwc" id="21283326_EA" data-testid="product-title">Cookies &amp; Cream Ice Cream Sandwiches </h3><p class="chakra-text css-1yftjin" data-testid="product-package-size">24x120.0 ml, $0.35/100ml</p></div></a><div class="css-8keand"></div></div><div class="css-1q5omjq"><div class="css-fcebb8"><div data-testid="atc-compact" class="css-y94ivq" style="width: 45px;"><button type="button" class="chakra-button css-mudsm6" data-testid="atc-button"><svg stroke="currentColor" fill="currentColor" stroke-width="0" viewBox="0 0 24 24" focusable="false" class="chakra-icon css-1g3sp7a" data-testid="btn-icon" aria-hidden="true" height="1em" width="1em" xmlns="http://www.w3.org/2000/svg"><path d="M19 13h-6v6h-2v-6H5v-2h6V5h2v6h6v2z"></path></svg><span class="css-idkz9h">Add Cookies &amp; Cream Ice Cream Sandwiches  to cart</span></button></div></div></div></div></div></li><li tabindex="-1" class="css-0"><div class="css-f5i5wc"><div class="chakra-linkbox css-vhnn8v"><div data-testid="product-image" class="css-16dr4ly"><img alt="No Name Salt &amp; Vinegar Potato Chips 200 g, $1.00/100g" src="https://assets.shop.loblaws.ca/products/21302946/b1/en/front/21302946_front_a01_@2.png" srcset="https://assets.shop.loblaws.ca/products/21302946/b1/en/front/21302946_front_a01_@2.png 1x, https://assets.shop.loblaws.ca/products/21302946/b1/en/front/21302946_front_a01_@2.png 2x" loading="lazy" class="chakra-image css-oguq8l" aria-hidden="true"></div><div class="css-qoklea"><div class="css-12dchmx"></div><div data-testid="price-product-tile" class="css-8atqhb"><p class="chakra-text css-0"><span class="chakra-text css-pwnbcb" data-testid="regular-price"><span class="css-idkz9h">$1.99</span>$1.99</span></p></div><a href="/salt-vinegar-potato-chips/p/21302946_EA?source=nspt" class="chakra-linkbox__overlay css-1hnz6hu"><div class="css-0"><p class="chakra-text css-1ecdp9w" data-testid="product-brand">No Name</p><h3 class="chakra-heading css-6qrhwc" id="21302946_EA" data-testid="product-title">Salt &amp; Vinegar Potato Chips</h3><p class="chakra-text css-1yftjin" data-testid="product-package-size">200 g, $1.00/100g</p></div></a><div class="css-8keand"></div></div><div class="css-1q5omjq"><div class="css-fcebb8"><div data-testid="atc-compact" class="css-y94ivq" style="width: 45px;"><button type="button" class="chakra-button css-mudsm6" data-testid="atc-button"><svg stroke="currentColor" fill="currentColor" stroke-width="0" viewBox="0 0 24 24" focusable="false" class="chakra-icon css-1g3sp7a" data-testid="btn-icon" aria-hidden="true" height="1em" width="1em" xmlns="http://www.w3.org/2000/svg"><path d="M19 13h-6v6h-2v-6H5v-2h6V5h2v6h6v2z"></path></svg><span class="css-idkz9h">Add Salt &amp; Vinegar Potato Chips to cart</span></button></div></div></div></div></div></li><li tabindex="-1" class="css-0"><div class="css-f5i5wc"><div class="chakra-linkbox css-vhnn8v"><div data-testid="product-image" class="css-16dr4ly"><img alt="No Name All Dressed Potato Chips 200 g, $1.00/100g" src="https://assets.shop.loblaws.ca/products/21302802/b1/en/front/21302802_front_a01_@2.png" srcset="https://assets.shop.loblaws.ca/products/21302802/b1/en/front/21302802_front_a01_@2.png 1x, https://assets.shop.loblaws.ca/products/21302802/b1/en/front/21302802_front_a01_@2.png 2x" loading="lazy" class="chakra-image css-oguq8l" aria-hidden="true"></div><div class="css-qoklea"><div class="css-12dchmx"></div><div data-testid="price-product-tile" class="css-8atqhb"><p class="chakra-text css-0"><span class="chakra-text css-pwnbcb" data-testid="regular-price"><span class="css-idkz9h">$1.99</span>$1.99</span></p></div><a href="/all-dressed-potato-chips/p/21302802_EA?source=nspt" class="chakra-linkbox__overlay css-1hnz6hu"><div class="css-0"><p class="chakra-text css-1ecdp9w" data-testid="product-brand">No Name</p><h3 class="chakra-heading css-6qrhwc" id="21302802_EA" data-testid="product-title">All Dressed Potato Chips</h3><p class="chakra-text css-1yftjin" data-testid="product-package-size">200 g, $1.00/100g</p></div></a><div class="css-8keand"></div></div><div class="css-1q5omjq"><div class="css-fcebb8"><div data-testid="atc-compact" class="css-y94ivq" style="width: 45px;"><button type="button" class="chakra-button css-mudsm6" data-testid="atc-button"><svg stroke="currentColor" fill="currentColor" stroke-width="0" viewBox="0 0 24 24" focusable="false" class="chakra-icon css-1g3sp7a" data-testid="btn-icon" aria-hidden="true" height="1em" width="1em" xmlns="http://www.w3.org/2000/svg"><path d="M19 13h-6v6h-2v-6H5v-2h6V5h2v6h6v2z"></path></svg><span class="css-idkz9h">Add All Dressed Potato Chips to cart</span></button></div></div></div></div></div></li><li tabindex="-1" class="css-0"><div class="css-f5i5wc"><div class="chakra-linkbox css-vhnn8v"><div data-testid="product-image" class="css-16dr4ly"><img alt="No Name Ketchup Potato Chips 200 g, $1.00/100g" src="https://assets.shop.loblaws.ca/products/21302932/b1/en/front/21302932_front_a01_@2.png" srcset="https://assets.shop.loblaws.ca/products/21302932/b1/en/front/21302932_front_a01_@2.png 1x, https://assets.shop.loblaws.ca/products/21302932/b1/en/front/21302932_front_a01_@2.png 2x" loading="lazy" class="chakra-image css-oguq8l" aria-hidden="true"></div><div class="css-qoklea"><div class="css-12dchmx"></div><div data-testid="price-product-tile" class="css-8atqhb"><p class="chakra-text css-0"><span class="chakra-text css-pwnbcb" data-testid="regular-price"><span class="css-idkz9h">$1.99</span>$1.99</span></p></div><a href="/ketchup-potato-chips/p/21302932_EA?source=nspt" class="chakra-linkbox__overlay css-1hnz6hu"><div class="css-0"><p class="chakra-text css-1ecdp9w" data-testid="product-brand">No Name</p><h3 class="chakra-heading css-6qrhwc" id="21302932_EA" data-testid="product-title">Ketchup Potato Chips</h3><p class="chakra-text css-1yftjin" data-testid="product-package-size">200 g, $1.00/100g</p></div></a><div class="css-8keand"></div></div><div class="css-1q5omjq"><div class="css-fcebb8"><div data-testid="atc-compact" class="css-y94ivq" style="width: 45px;"><button type="button" class="chakra-button css-mudsm6" data-testid="atc-button"><svg stroke="currentColor" fill="currentColor" stroke-width="0" viewBox="0 0 24 24" focusable="false" class="chakra-icon css-1g3sp7a" data-testid="btn-icon" aria-hidden="true" height="1em" width="1em" xmlns="http://www.w3.org/2000/svg"><path d="M19 13h-6v6h-2v-6H5v-2h6V5h2v6h6v2z"></path></svg><span class="css-idkz9h">Add Ketchup Potato Chips to cart</span></button></div></div></div></div></div></li><li tabindex="-1" class="css-0"><div class="css-f5i5wc"><div class="chakra-linkbox css-vhnn8v"><div data-testid="product-image" class="css-16dr4ly"><img alt="No Name Cheddar Bacon Potato Chips 200 g, $1.00/100g" src="https://assets.shop.loblaws.ca/products/21315093/b1/en/front/21315093_front_a01_@2.png" srcset="https://assets.shop.loblaws.ca/products/21315093/b1/en/front/21315093_front_a01_@2.png 1x, https://assets.shop.loblaws.ca/products/21315093/b1/en/front/21315093_front_a01_@2.png 2x" loading="lazy" class="chakra-image css-oguq8l" aria-hidden="true"></div><div class="css-qoklea"><div class="css-12dchmx"></div><div data-testid="price-product-tile" class="css-8atqhb"><p class="chakra-text css-0"><span class="chakra-text css-pwnbcb" data-testid="regular-price"><span class="css-idkz9h">$1.99</span>$1.99</span></p></div><a href="/cheddar-bacon-potato-chips/p/21315093_EA?source=nspt" class="chakra-linkbox__overlay css-1hnz6hu"><div class="css-0"><p class="chakra-text css-1ecdp9w" data-testid="product-brand">No Name</p><h3 class="chakra-heading css-6qrhwc" id="21315093_EA" data-testid="product-title">Cheddar Bacon Potato Chips</h3><p class="chakra-text css-1yftjin" data-testid="product-package-size">200 g, $1.00/100g</p></div></a><div class="css-8keand"></div></div><div class="css-1q5omjq"><div class="css-fcebb8"><div data-testid="atc-compact" class="css-y94ivq" style="width: 45px;"><button type="button" class="chakra-button css-mudsm6" data-testid="atc-button"><svg stroke="currentColor" fill="currentColor" stroke-width="0" viewBox="0 0 24 24" focusable="false" class="chakra-icon css-1g3sp7a" data-testid="btn-icon" aria-hidden="true" height="1em" width="1em" xmlns="http://www.w3.org/2000/svg"><path d="M19 13h-6v6h-2v-6H5v-2h6V5h2v6h6v2z"></path></svg><span class="css-idkz9h">Add Cheddar Bacon Potato Chips to cart</span></button></div></div></div></div></div></li></ul></div></div><div id=":r12:" class="css-0"> </div></div><div class="chakra-container css-1yvva6b" data-testid="section"><div class="css-147ar3n"><div class="css-2imjyh"></div><div class="css-owofrc"><div class="css-1pzcvyn"><div class="css-1pzcvyn"><h2 class="chakra-heading css-1thmpx" data-testid="heading">Fresh Summer Produce</h2></div></div><a class="chakra-link css-jmtsim" data-testid="header-link" href="/collection/inseason-produce?icid=gr_inseason-produce_productcarousel_4_hp" aria-label="Shop all Fresh Summer Produce">Shop all</a></div></div><a class="chakra-link css-14qfziv" href="#:r13:">skip Fresh Summer Produce</a><div class="css-10cksfv"><div class="indiana-scroll-container"><ul role="list" class="css-7i2yy7"><li tabindex="-1" class="css-0"><div class="css-f5i5wc"><div class="chakra-linkbox css-vhnn8v"><div data-testid="product-image" class="css-16dr4ly"><img alt="null Red Cherries $11.00/1kg $4.99/1lb" src="https://assets.shop.loblaws.ca/products/20159690001/b1/en/front/20159690001_front_a01_@2.png" srcset="https://assets.shop.loblaws.ca/products/20159690001/b1/en/front/20159690001_front_a01_@2.png 1x, https://assets.shop.loblaws.ca/products/20159690001/b1/en/front/20159690001_front_a01_@2.png 2x" loading="lazy" class="chakra-image css-oguq8l" aria-hidden="true"></div><div class="css-qoklea"><div class="css-12dchmx"></div><div data-testid="price-product-tile" class="css-8atqhb"><p class="chakra-text css-0"><span class="chakra-text css-o93gbd" data-testid="sale-price"><span class="css-idkz9h">about $9.79</span>about $9.79</span><span class="chakra-text css-623q5h" data-testid="was-price"><span class="css-idkz9h">$11.76</span>$11.76</span></p><p class="chakra-text css-1m5a6y8" data-testid="price-descriptor">SAVE $1.97</p></div><a href="/red-cherries/p/20159690001_KG?source=nspt" class="chakra-linkbox__overlay css-1hnz6hu"><div class="css-0"><h3 class="chakra-heading css-6qrhwc" id="20159690001_KG" data-testid="product-title">Red Cherries</h3><p class="chakra-text css-1yftjin" data-testid="product-package-size">$11.00/1kg $4.99/1lb</p></div></a><div class="css-8keand"></div></div><div class="css-1q5omjq"><div class="css-fcebb8"><div data-testid="atc-compact" class="css-y94ivq" style="width: 45px;"><button type="button" class="chakra-button css-mudsm6" data-testid="atc-button"><svg stroke="currentColor" fill="currentColor" stroke-width="0" viewBox="0 0 24 24" focusable="false" class="chakra-icon css-1g3sp7a" data-testid="btn-icon" aria-hidden="true" height="1em" width="1em" xmlns="http://www.w3.org/2000/svg"><path d="M19 13h-6v6h-2v-6H5v-2h6V5h2v6h6v2z"></path></svg><span class="css-idkz9h">Add Red Cherries to cart</span></button></div></div></div></div></div></li><li tabindex="-1" class="css-0"><div class="css-f5i5wc"><div class="chakra-linkbox css-vhnn8v"><div data-testid="product-image" class="css-16dr4ly"><img alt="null Cauliflower 1 ea, $5.99/1ea" src="https://assets.shop.loblaws.ca/products/20135377001/b1/en/front/20135377001_front_a01_@2.png" srcset="https://assets.shop.loblaws.ca/products/20135377001/b1/en/front/20135377001_front_a01_@2.png 1x, https://assets.shop.loblaws.ca/products/20135377001/b1/en/front/20135377001_front_a01_@2.png 2x" loading="lazy" class="chakra-image css-oguq8l" aria-hidden="true"></div><div class="css-qoklea"><div class="css-12dchmx"></div><div data-testid="price-product-tile" class="css-8atqhb"><p class="chakra-text css-0"><span class="chakra-text css-pwnbcb" data-testid="regular-price"><span class="css-idkz9h">$5.99</span>$5.99</span></p></div><a href="/cauliflower/p/20135377001_EA?source=nspt" class="chakra-linkbox__overlay css-1hnz6hu"><div class="css-0"><h3 class="chakra-heading css-6qrhwc" id="20135377001_EA" data-testid="product-title">Cauliflower</h3><p class="chakra-text css-1yftjin" data-testid="product-package-size">1 ea, $5.99/1ea</p></div></a><div class="css-8keand"></div></div><div class="css-1q5omjq"><div class="css-fcebb8"><div data-testid="atc-compact" class="css-y94ivq" style="width: 45px;"><button type="button" class="chakra-button css-mudsm6" data-testid="atc-button"><svg stroke="currentColor" fill="currentColor" stroke-width="0" viewBox="0 0 24 24" focusable="false" class="chakra-icon css-1g3sp7a" data-testid="btn-icon" aria-hidden="true" height="1em" width="1em" xmlns="http://www.w3.org/2000/svg"><path d="M19 13h-6v6h-2v-6H5v-2h6V5h2v6h6v2z"></path></svg><span class="css-idkz9h">Add Cauliflower to cart</span></button></div></div></div></div></div></li><li tabindex="-1" class="css-0"><div class="css-f5i5wc"><div class="chakra-linkbox css-vhnn8v"><div data-testid="product-image" class="css-16dr4ly"><img alt="Farmer's Market Mini Cucumbers 6 pack, $0.50/1ea" src="https://assets.shop.loblaws.ca/products/20737570001/b1/en/front/20737570001_front_a01_@2.png" srcset="https://assets.shop.loblaws.ca/products/20737570001/b1/en/front/20737570001_front_a01_@2.png 1x, https://assets.shop.loblaws.ca/products/20737570001/b1/en/front/20737570001_front_a01_@2.png 2x" loading="lazy" class="chakra-image css-oguq8l" aria-hidden="true"></div><div class="css-qoklea"><div class="css-12dchmx"></div><div data-testid="price-product-tile" class="css-8atqhb"><p class="chakra-text css-0"><span class="chakra-text css-o93gbd" data-testid="sale-price"><span class="css-idkz9h">$2.99</span>$2.99</span><span class="chakra-text css-623q5h" data-testid="was-price"><span class="css-idkz9h">$3.99</span>$3.99</span></p><p class="chakra-text css-1m5a6y8" data-testid="price-descriptor">SAVE $1.00</p></div><a href="/mini-cucumbers/p/20737570001_EA?source=nspt" class="chakra-linkbox__overlay css-1hnz6hu"><div class="css-0"><p class="chakra-text css-1ecdp9w" data-testid="product-brand">Farmer's Market</p><h3 class="chakra-heading css-6qrhwc" id="20737570001_EA" data-testid="product-title">Mini Cucumbers</h3><p class="chakra-text css-1yftjin" data-testid="product-package-size">6 pack, $0.50/1ea</p></div></a><div class="css-8keand"></div></div><div class="css-1q5omjq"><div class="css-fcebb8"><div data-testid="atc-compact" class="css-y94ivq" style="width: 45px;"><button type="button" class="chakra-button css-mudsm6" data-testid="atc-button"><svg stroke="currentColor" fill="currentColor" stroke-width="0" viewBox="0 0 24 24" focusable="false" class="chakra-icon css-1g3sp7a" data-testid="btn-icon" aria-hidden="true" height="1em" width="1em" xmlns="http://www.w3.org/2000/svg"><path d="M19 13h-6v6h-2v-6H5v-2h6V5h2v6h6v2z"></path></svg><span class="css-idkz9h">Add Mini Cucumbers to cart</span></button></div></div></div></div></div></li><li tabindex="-1" class="css-0"><div class="css-f5i5wc"><div class="chakra-linkbox css-vhnn8v"><div data-testid="product-image" class="css-16dr4ly"><img alt="null Tomato On The Vine Red (1 Bunch) $6.59/1kg $2.99/1lb" src="https://assets.shop.loblaws.ca/products/20026703001/b1/en/front/20026703001_front_a01_@2.png" srcset="https://assets.shop.loblaws.ca/products/20026703001/b1/en/front/20026703001_front_a01_@2.png 1x, https://assets.shop.loblaws.ca/products/20026703001/b1/en/front/20026703001_front_a01_@2.png 2x" loading="lazy" class="chakra-image css-oguq8l" aria-hidden="true"></div><div class="css-qoklea"><div class="css-12dchmx"></div><div data-testid="price-product-tile" class="css-8atqhb"><p class="chakra-text css-0"><span class="chakra-text css-pwnbcb" data-testid="regular-price"><span class="css-idkz9h">about $4.68</span>about $4.68</span></p></div><a href="/tomato-on-the-vine-red-1-bunch/p/20026703001_KG?source=nspt" class="chakra-linkbox__overlay css-1hnz6hu"><div class="css-0"><h3 class="chakra-heading css-6qrhwc" id="20026703001_KG" data-testid="product-title">Tomato On The Vine Red (1 Bunch)</h3><p class="chakra-text css-1yftjin" data-testid="product-package-size">$6.59/1kg $2.99/1lb</p></div></a><div class="css-8keand"></div></div><div class="css-1q5omjq"><div class="css-fcebb8"><div data-testid="atc-compact" class="css-y94ivq" style="width: 45px;"><button disabled="" type="button" class="chakra-button css-mudsm6" data-testid="atc-button"><svg stroke="currentColor" fill="currentColor" stroke-width="0" viewBox="0 0 24 24" focusable="false" class="chakra-icon css-1g3sp7a" data-testid="btn-icon" aria-hidden="true" height="1em" width="1em" xmlns="http://www.w3.org/2000/svg"><path d="M19 13h-6v6h-2v-6H5v-2h6V5h2v6h6v2z"></path></svg><span class="css-idkz9h">Add Tomato On The Vine Red (1 Bunch) to cart</span></button></div></div><div class="css-4saf4a"><p class="chakra-text css-py8788" data-testid="inventory-badge-text">Out of Stock</p></div></div></div></div></li><li tabindex="-1" class="css-0"><div class="css-f5i5wc"><div class="chakra-linkbox css-vhnn8v"><div data-testid="product-image" class="css-16dr4ly"><img alt="null Asparagus $13.21/1kg $5.99/1lb" src="https://assets.shop.loblaws.ca/products/20174581001/b1/en/front/20174581001_front_a01_@2.png" srcset="https://assets.shop.loblaws.ca/products/20174581001/b1/en/front/20174581001_front_a01_@2.png 1x, https://assets.shop.loblaws.ca/products/20174581001/b1/en/front/20174581001_front_a01_@2.png 2x" loading="lazy" class="chakra-image css-oguq8l" aria-hidden="true"></div><div class="css-qoklea"><div class="css-12dchmx"></div><div data-testid="price-product-tile" class="css-8atqhb"><p class="chakra-text css-0"><span class="chakra-text css-pwnbcb" data-testid="regular-price"><span class="css-idkz9h">about $7.79</span>about $7.79</span></p></div><a href="/asparagus/p/20174581001_KG?source=nspt" class="chakra-linkbox__overlay css-1hnz6hu"><div class="css-0"><h3 class="chakra-heading css-6qrhwc" id="20174581001_KG" data-testid="product-title">Asparagus</h3><p class="chakra-text css-1yftjin" data-testid="product-package-size">$13.21/1kg $5.99/1lb</p></div></a><div class="css-8keand"></div></div><div class="css-1q5omjq"><div class="css-fcebb8"><div data-testid="atc-compact" class="css-y94ivq" style="width: 45px;"><button type="button" class="chakra-button css-mudsm6" data-testid="atc-button"><svg stroke="currentColor" fill="currentColor" stroke-width="0" viewBox="0 0 24 24" focusable="false" class="chakra-icon css-1g3sp7a" data-testid="btn-icon" aria-hidden="true" height="1em" width="1em" xmlns="http://www.w3.org/2000/svg"><path d="M19 13h-6v6h-2v-6H5v-2h6V5h2v6h6v2z"></path></svg><span class="css-idkz9h">Add Asparagus to cart</span></button></div></div></div></div></div></li><li tabindex="-1" class="css-0"><div class="css-f5i5wc"><div class="chakra-linkbox css-vhnn8v"><div data-testid="product-image" class="css-16dr4ly"><img alt="null Radishes 1 bunch, $1.99/1ea" src="https://assets.shop.loblaws.ca/products/20032320001/b1/en/front/20032320001_front_a01_@2.png" srcset="https://assets.shop.loblaws.ca/products/20032320001/b1/en/front/20032320001_front_a01_@2.png 1x, https://assets.shop.loblaws.ca/products/20032320001/b1/en/front/20032320001_front_a01_@2.png 2x" loading="lazy" class="chakra-image css-oguq8l" aria-hidden="true"></div><div class="css-qoklea"><div class="css-12dchmx"></div><div data-testid="price-product-tile" class="css-8atqhb"><p class="chakra-text css-0"><span class="chakra-text css-pwnbcb" data-testid="regular-price"><span class="css-idkz9h">$1.99</span>$1.99</span></p></div><a href="/radishes/p/20032320001_EA?source=nspt" class="chakra-linkbox__overlay css-1hnz6hu"><div class="css-0"><h3 class="chakra-heading css-6qrhwc" id="20032320001_EA" data-testid="product-title">Radishes</h3><p class="chakra-text css-1yftjin" data-testid="product-package-size">1 bunch, $1.99/1ea</p></div></a><div class="css-8keand"></div></div><div class="css-1q5omjq"><div class="css-fcebb8"><div data-testid="atc-compact" class="css-y94ivq" style="width: 45px;"><button type="button" class="chakra-button css-mudsm6" data-testid="atc-button"><svg stroke="currentColor" fill="currentColor" stroke-width="0" viewBox="0 0 24 24" focusable="false" class="chakra-icon css-1g3sp7a" data-testid="btn-icon" aria-hidden="true" height="1em" width="1em" xmlns="http://www.w3.org/2000/svg"><path d="M19 13h-6v6h-2v-6H5v-2h6V5h2v6h6v2z"></path></svg><span class="css-idkz9h">Add Radishes to cart</span></button></div></div></div></div></div></li><li tabindex="-1" class="css-0"><div class="css-f5i5wc"><div class="chakra-linkbox css-vhnn8v"><div data-testid="product-image" class="css-16dr4ly"><img alt="null Peaches $11.00/1kg $4.99/1lb" src="https://assets.shop.loblaws.ca/products/20002646001/b1/en/front/20002646001_front_a01_@2.png" srcset="https://assets.shop.loblaws.ca/products/20002646001/b1/en/front/20002646001_front_a01_@2.png 1x, https://assets.shop.loblaws.ca/products/20002646001/b1/en/front/20002646001_front_a01_@2.png 2x" loading="lazy" class="chakra-image css-oguq8l" aria-hidden="true"></div><div class="css-qoklea"><div class="css-12dchmx"></div><div data-testid="price-product-tile" class="css-8atqhb"><p class="chakra-text css-0"><span class="chakra-text css-pwnbcb" data-testid="regular-price"><span class="css-idkz9h">about $1.76</span>about $1.76</span></p></div><a href="/peaches/p/20002646001_KG?source=nspt" class="chakra-linkbox__overlay css-1hnz6hu"><div class="css-0"><h3 class="chakra-heading css-6qrhwc" id="20002646001_KG" data-testid="product-title">Peaches</h3><p class="chakra-text css-1yftjin" data-testid="product-package-size">$11.00/1kg $4.99/1lb</p></div></a><div class="css-8keand"></div></div><div class="css-1q5omjq"><div class="css-fcebb8"><div data-testid="atc-compact" class="css-y94ivq" style="width: 45px;"><button type="button" class="chakra-button css-mudsm6" data-testid="atc-button"><svg stroke="currentColor" fill="currentColor" stroke-width="0" viewBox="0 0 24 24" focusable="false" class="chakra-icon css-1g3sp7a" data-testid="btn-icon" aria-hidden="true" height="1em" width="1em" xmlns="http://www.w3.org/2000/svg"><path d="M19 13h-6v6h-2v-6H5v-2h6V5h2v6h6v2z"></path></svg><span class="css-idkz9h">Add Peaches to cart</span></button></div></div></div></div></div></li><li tabindex="-1" class="css-0"><div class="css-f5i5wc"><div class="chakra-linkbox css-vhnn8v"><div data-testid="product-image" class="css-16dr4ly"><img alt="null Bartlett Pears $7.69/1kg $3.49/1lb" src="https://assets.shop.loblaws.ca/products/20172240001/b1/en/front/20172240001_front_a01_@2.png" srcset="https://assets.shop.loblaws.ca/products/20172240001/b1/en/front/20172240001_front_a01_@2.png 1x, https://assets.shop.loblaws.ca/products/20172240001/b1/en/front/20172240001_front_a01_@2.png 2x" loading="lazy" class="chakra-image css-oguq8l" aria-hidden="true"></div><div class="css-qoklea"><div class="css-12dchmx"></div><div data-testid="price-product-tile" class="css-8atqhb"><p class="chakra-text css-0"><span class="chakra-text css-pwnbcb" data-testid="regular-price"><span class="css-idkz9h">about $1.61</span>about $1.61</span></p></div><a href="/bartlett-pears/p/20172240001_KG?source=nspt" class="chakra-linkbox__overlay css-1hnz6hu"><div class="css-0"><h3 class="chakra-heading css-6qrhwc" id="20172240001_KG" data-testid="product-title">Bartlett Pears</h3><p class="chakra-text css-1yftjin" data-testid="product-package-size">$7.69/1kg $3.49/1lb</p></div></a><div class="css-8keand"></div></div><div class="css-1q5omjq"><div class="css-fcebb8"><div data-testid="atc-compact" class="css-y94ivq" style="width: 45px;"><button disabled="" type="button" class="chakra-button css-mudsm6" data-testid="atc-button"><svg stroke="currentColor" fill="currentColor" stroke-width="0" viewBox="0 0 24 24" focusable="false" class="chakra-icon css-1g3sp7a" data-testid="btn-icon" aria-hidden="true" height="1em" width="1em" xmlns="http://www.w3.org/2000/svg"><path d="M19 13h-6v6h-2v-6H5v-2h6V5h2v6h6v2z"></path></svg><span class="css-idkz9h">Add Bartlett Pears to cart</span></button></div></div><div class="css-4saf4a"><p class="chakra-text css-py8788" data-testid="inventory-badge-text">Out of Stock</p></div></div></div></div></li><li tabindex="-1" class="css-0"><div class="css-f5i5wc"><div class="chakra-linkbox css-vhnn8v"><div data-testid="product-image" class="css-16dr4ly"><img alt="null Plums 907 g, $8.99/1ea" src="https://assets.shop.loblaws.ca/products/20594316001/b1/en/front/20594316001_front_a01_@2.png" srcset="https://assets.shop.loblaws.ca/products/20594316001/b1/en/front/20594316001_front_a01_@2.png 1x, https://assets.shop.loblaws.ca/products/20594316001/b1/en/front/20594316001_front_a01_@2.png 2x" loading="lazy" class="chakra-image css-oguq8l" aria-hidden="true"></div><div class="css-qoklea"><div class="css-12dchmx"></div><div data-testid="price-product-tile" class="css-8atqhb"><p class="chakra-text css-0"><span class="chakra-text css-pwnbcb" data-testid="regular-price"><span class="css-idkz9h">$8.99</span>$8.99</span></p></div><a href="/plums/p/20594316001_EA?source=nspt" class="chakra-linkbox__overlay css-1hnz6hu"><div class="css-0"><h3 class="chakra-heading css-6qrhwc" id="20594316001_EA" data-testid="product-title">Plums</h3><p class="chakra-text css-1yftjin" data-testid="product-package-size">907 g, $8.99/1ea</p></div></a><div class="css-8keand"></div></div><div class="css-1q5omjq"><div class="css-fcebb8"><div data-testid="atc-compact" class="css-y94ivq" style="width: 45px;"><button type="button" class="chakra-button css-mudsm6" data-testid="atc-button"><svg stroke="currentColor" fill="currentColor" stroke-width="0" viewBox="0 0 24 24" focusable="false" class="chakra-icon css-1g3sp7a" data-testid="btn-icon" aria-hidden="true" height="1em" width="1em" xmlns="http://www.w3.org/2000/svg"><path d="M19 13h-6v6h-2v-6H5v-2h6V5h2v6h6v2z"></path></svg><span class="css-idkz9h">Add Plums to cart</span></button></div></div></div></div></div></li><li tabindex="-1" class="css-0"><div class="css-f5i5wc"><div class="chakra-linkbox css-vhnn8v"><div data-testid="product-image" class="css-16dr4ly"><img alt="President's Choice Ontario Greenhouse-Grown Strawberries  340 g, $1.91/100g" src="https://assets.shop.loblaws.ca/products/21027142001/b1/en/front/21027142001_front_a01_@2.png" srcset="https://assets.shop.loblaws.ca/products/21027142001/b1/en/front/21027142001_front_a01_@2.png 1x, https://assets.shop.loblaws.ca/products/21027142001/b1/en/front/21027142001_front_a01_@2.png 2x" loading="lazy" class="chakra-image css-oguq8l" aria-hidden="true"></div><div class="css-qoklea"><div class="css-12dchmx"></div><div data-testid="price-product-tile" class="css-8atqhb"><p class="chakra-text css-0"><span class="chakra-text css-pwnbcb" data-testid="regular-price"><span class="css-idkz9h">$6.49</span>$6.49</span></p></div><a href="/ontario-greenhouse-grown-strawberries/p/21027142001_EA?source=nspt" class="chakra-linkbox__overlay css-1hnz6hu"><div class="css-0"><p class="chakra-text css-1ecdp9w" data-testid="product-brand">President's Choice</p><h3 class="chakra-heading css-6qrhwc" id="21027142001_EA" data-testid="product-title">Ontario Greenhouse-Grown Strawberries </h3><p class="chakra-text css-1yftjin" data-testid="product-package-size">340 g, $1.91/100g</p></div></a><div class="css-8keand"></div></div><div class="css-1q5omjq"><div class="css-fcebb8"><div data-testid="atc-compact" class="css-y94ivq" style="width: 45px;"><button type="button" class="chakra-button css-mudsm6" data-testid="atc-button"><svg stroke="currentColor" fill="currentColor" stroke-width="0" viewBox="0 0 24 24" focusable="false" class="chakra-icon css-1g3sp7a" data-testid="btn-icon" aria-hidden="true" height="1em" width="1em" xmlns="http://www.w3.org/2000/svg"><path d="M19 13h-6v6h-2v-6H5v-2h6V5h2v6h6v2z"></path></svg><span class="css-idkz9h">Add Ontario Greenhouse-Grown Strawberries  to cart</span></button></div></div></div></div></div></li><li tabindex="-1" class="css-0"><div class="css-f5i5wc"><div class="chakra-linkbox css-vhnn8v"><div data-testid="product-image" class="css-16dr4ly"><img alt="null Raspberries 1/2 pint 170 g, $2.94/100g" src="https://assets.shop.loblaws.ca/products/20128938001/b1/en/front/20128938001_front_a01_@2.png" srcset="https://assets.shop.loblaws.ca/products/20128938001/b1/en/front/20128938001_front_a01_@2.png 1x, https://assets.shop.loblaws.ca/products/20128938001/b1/en/front/20128938001_front_a01_@2.png 2x" loading="lazy" class="chakra-image css-oguq8l" aria-hidden="true"></div><div class="css-qoklea"><div class="css-12dchmx"></div><div data-testid="price-product-tile" class="css-8atqhb"><p class="chakra-text css-0"><span class="chakra-text css-pwnbcb" data-testid="regular-price"><span class="css-idkz9h">$4.99</span>$4.99</span></p></div><a href="/raspberries-1-2-pint/p/20128938001_EA?source=nspt" class="chakra-linkbox__overlay css-1hnz6hu"><div class="css-0"><h3 class="chakra-heading css-6qrhwc" id="20128938001_EA" data-testid="product-title">Raspberries 1/2 pint</h3><p class="chakra-text css-1yftjin" data-testid="product-package-size">170 g, $2.94/100g</p></div></a><div class="css-8keand"></div></div><div class="css-1q5omjq"><div class="css-fcebb8"><div data-testid="atc-compact" class="css-y94ivq" style="width: 45px;"><button type="button" class="chakra-button css-mudsm6" data-testid="atc-button"><svg stroke="currentColor" fill="currentColor" stroke-width="0" viewBox="0 0 24 24" focusable="false" class="chakra-icon css-1g3sp7a" data-testid="btn-icon" aria-hidden="true" height="1em" width="1em" xmlns="http://www.w3.org/2000/svg"><path d="M19 13h-6v6h-2v-6H5v-2h6V5h2v6h6v2z"></path></svg><span class="css-idkz9h">Add Raspberries 1/2 pint to cart</span></button></div></div></div></div></div></li><li tabindex="-1" class="css-0"><div class="css-f5i5wc"><div class="chakra-linkbox css-vhnn8v"><div data-testid="product-image" class="css-16dr4ly"><img alt="null Blackberries 1/2 Pint 170 g, $2.35/100g" src="https://assets.shop.loblaws.ca/products/20051015001/b1/en/front/20051015001_front_a01_@2.png" srcset="https://assets.shop.loblaws.ca/products/20051015001/b1/en/front/20051015001_front_a01_@2.png 1x, https://assets.shop.loblaws.ca/products/20051015001/b1/en/front/20051015001_front_a01_@2.png 2x" loading="lazy" class="chakra-image css-oguq8l" aria-hidden="true"></div><div class="css-qoklea"><div class="css-12dchmx"></div><div data-testid="price-product-tile" class="css-8atqhb"><p class="chakra-text css-0"><span class="chakra-text css-pwnbcb" data-testid="regular-price"><span class="css-idkz9h">$3.99</span>$3.99</span></p></div><a href="/blackberries-1-2-pint/p/20051015001_EA?source=nspt" class="chakra-linkbox__overlay css-1hnz6hu"><div class="css-0"><h3 class="chakra-heading css-6qrhwc" id="20051015001_EA" data-testid="product-title">Blackberries 1/2 Pint</h3><p class="chakra-text css-1yftjin" data-testid="product-package-size">170 g, $2.35/100g</p></div></a><div class="css-8keand"></div></div><div class="css-1q5omjq"><div class="css-fcebb8"><div data-testid="atc-compact" class="css-y94ivq" style="width: 45px;"><button type="button" class="chakra-button css-mudsm6" data-testid="atc-button"><svg stroke="currentColor" fill="currentColor" stroke-width="0" viewBox="0 0 24 24" focusable="false" class="chakra-icon css-1g3sp7a" data-testid="btn-icon" aria-hidden="true" height="1em" width="1em" xmlns="http://www.w3.org/2000/svg"><path d="M19 13h-6v6h-2v-6H5v-2h6V5h2v6h6v2z"></path></svg><span class="css-idkz9h">Add Blackberries 1/2 Pint to cart</span></button></div></div></div></div></div></li><li tabindex="-1" class="css-0"><div class="css-f5i5wc"><div class="chakra-linkbox css-vhnn8v"><div data-testid="product-image" class="css-16dr4ly"><img alt="null Blueberries 1 pint 340 g, $1.76/100g" src="https://assets.shop.loblaws.ca/products/20080137001/b1/en/front/20080137001_front_a01_@2.png" srcset="https://assets.shop.loblaws.ca/products/20080137001/b1/en/front/20080137001_front_a01_@2.png 1x, https://assets.shop.loblaws.ca/products/20080137001/b1/en/front/20080137001_front_a01_@2.png 2x" loading="lazy" class="chakra-image css-oguq8l" aria-hidden="true"></div><div class="css-qoklea"><div class="css-12dchmx"></div><div data-testid="price-product-tile" class="css-8atqhb"><p class="chakra-text css-0"><span class="chakra-text css-pwnbcb" data-testid="regular-price"><span class="css-idkz9h">$5.99</span>$5.99</span></p></div><a href="/blueberries-1-pint/p/20080137001_EA?source=nspt" class="chakra-linkbox__overlay css-1hnz6hu"><div class="css-0"><h3 class="chakra-heading css-6qrhwc" id="20080137001_EA" data-testid="product-title">Blueberries 1 pint</h3><p class="chakra-text css-1yftjin" data-testid="product-package-size">340 g, $1.76/100g</p></div></a><div class="css-8keand"></div></div><div class="css-1q5omjq"><div class="css-fcebb8"><div data-testid="atc-compact" class="css-y94ivq" style="width: 45px;"><button type="button" class="chakra-button css-mudsm6" data-testid="atc-button"><svg stroke="currentColor" fill="currentColor" stroke-width="0" viewBox="0 0 24 24" focusable="false" class="chakra-icon css-1g3sp7a" data-testid="btn-icon" aria-hidden="true" height="1em" width="1em" xmlns="http://www.w3.org/2000/svg"><path d="M19 13h-6v6h-2v-6H5v-2h6V5h2v6h6v2z"></path></svg><span class="css-idkz9h">Add Blueberries 1 pint to cart</span></button></div></div></div></div></div></li><li tabindex="-1" class="css-0"><div class="css-f5i5wc"><div class="chakra-linkbox css-vhnn8v"><div data-testid="product-image" class="css-16dr4ly"><img alt="null Extra Large Green Seedless Grapes $4.39/1kg $1.99/1lb" src="https://assets.shop.loblaws.ca/products/20425775001/b1/en/front/20425775001_front_a01_@2.png" srcset="https://assets.shop.loblaws.ca/products/20425775001/b1/en/front/20425775001_front_a01_@2.png 1x, https://assets.shop.loblaws.ca/products/20425775001/b1/en/front/20425775001_front_a01_@2.png 2x" loading="lazy" class="chakra-image css-oguq8l" aria-hidden="true"></div><div class="css-qoklea"><div class="css-12dchmx"></div><div data-testid="price-product-tile" class="css-8atqhb"><p class="chakra-text css-0"><span class="chakra-text css-o93gbd" data-testid="sale-price"><span class="css-idkz9h">about $4.48</span>about $4.48</span><span class="chakra-text css-623q5h" data-testid="was-price"><span class="css-idkz9h">$11.22</span>$11.22</span></p><p class="chakra-text css-1m5a6y8" data-testid="price-descriptor">SAVE $6.74</p></div><a href="/extra-large-green-seedless-grapes/p/20425775001_KG?source=nspt" class="chakra-linkbox__overlay css-1hnz6hu"><div class="css-0"><h3 class="chakra-heading css-6qrhwc" id="20425775001_KG" data-testid="product-title">Extra Large Green Seedless Grapes</h3><p class="chakra-text css-1yftjin" data-testid="product-package-size">$4.39/1kg $1.99/1lb</p></div></a><div class="css-8keand"></div></div><div class="css-1q5omjq"><div class="css-fcebb8"><div data-testid="atc-compact" class="css-y94ivq" style="width: 45px;"><button type="button" class="chakra-button css-mudsm6" data-testid="atc-button"><svg stroke="currentColor" fill="currentColor" stroke-width="0" viewBox="0 0 24 24" focusable="false" class="chakra-icon css-1g3sp7a" data-testid="btn-icon" aria-hidden="true" height="1em" width="1em" xmlns="http://www.w3.org/2000/svg"><path d="M19 13h-6v6h-2v-6H5v-2h6V5h2v6h6v2z"></path></svg><span class="css-idkz9h">Add Extra Large Green Seedless Grapes to cart</span></button></div></div></div></div></div></li><li tabindex="-1" class="css-0"><div class="css-f5i5wc"><div class="chakra-linkbox css-vhnn8v"><div data-testid="product-image" class="css-16dr4ly"><img alt="null Extra Large Red Seedless Grapes $4.39/1kg $1.99/1lb" src="https://assets.shop.loblaws.ca/products/20159199001/b1/en/front/20159199001_front_a01_@2.png" srcset="https://assets.shop.loblaws.ca/products/20159199001/b1/en/front/20159199001_front_a01_@2.png 1x, https://assets.shop.loblaws.ca/products/20159199001/b1/en/front/20159199001_front_a01_@2.png 2x" loading="lazy" class="chakra-image css-oguq8l" aria-hidden="true"></div><div class="css-qoklea"><div class="css-12dchmx"></div><div data-testid="price-product-tile" class="css-8atqhb"><p class="chakra-text css-0"><span class="chakra-text css-o93gbd" data-testid="sale-price"><span class="css-idkz9h">about $4.35</span>about $4.35</span><span class="chakra-text css-623q5h" data-testid="was-price"><span class="css-idkz9h">$5.44</span>$5.44</span></p><p class="chakra-text css-1m5a6y8" data-testid="price-descriptor">SAVE $1.09</p></div><a href="/extra-large-red-seedless-grapes/p/20159199001_KG?source=nspt" class="chakra-linkbox__overlay css-1hnz6hu"><div class="css-0"><h3 class="chakra-heading css-6qrhwc" id="20159199001_KG" data-testid="product-title">Extra Large Red Seedless Grapes</h3><p class="chakra-text css-1yftjin" data-testid="product-package-size">$4.39/1kg $1.99/1lb</p></div></a><div class="css-8keand"></div></div><div class="css-1q5omjq"><div class="css-fcebb8"><div data-testid="atc-compact" class="css-y94ivq" style="width: 45px;"><button type="button" class="chakra-button css-mudsm6" data-testid="atc-button"><svg stroke="currentColor" fill="currentColor" stroke-width="0" viewBox="0 0 24 24" focusable="false" class="chakra-icon css-1g3sp7a" data-testid="btn-icon" aria-hidden="true" height="1em" width="1em" xmlns="http://www.w3.org/2000/svg"><path d="M19 13h-6v6h-2v-6H5v-2h6V5h2v6h6v2z"></path></svg><span class="css-idkz9h">Add Extra Large Red Seedless Grapes to cart</span></button></div></div></div></div></div></li><li tabindex="-1" class="css-0"><div class="css-f5i5wc"><div class="chakra-linkbox css-vhnn8v"><div data-testid="product-image" class="css-16dr4ly"><img alt="President's Choice Black Seedless Grapes $4.39/1kg $1.99/1lb" src="https://assets.shop.loblaws.ca/products/20711275001/b1/en/front/20711275001_front_a01_@2.png" srcset="https://assets.shop.loblaws.ca/products/20711275001/b1/en/front/20711275001_front_a01_@2.png 1x, https://assets.shop.loblaws.ca/products/20711275001/b1/en/front/20711275001_front_a01_@2.png 2x" loading="lazy" class="chakra-image css-oguq8l" aria-hidden="true"></div><div class="css-qoklea"><div class="css-12dchmx"></div><div data-testid="price-product-tile" class="css-8atqhb"><p class="chakra-text css-0"><span class="chakra-text css-o93gbd" data-testid="sale-price"><span class="css-idkz9h">about $6.01</span>about $6.01</span><span class="chakra-text css-623q5h" data-testid="was-price"><span class="css-idkz9h">$15.97</span>$15.97</span></p><p class="chakra-text css-1m5a6y8" data-testid="price-descriptor">SAVE $9.96</p></div><a href="/black-seedless-grapes/p/20711275001_KG?source=nspt" class="chakra-linkbox__overlay css-1hnz6hu"><div class="css-0"><p class="chakra-text css-1ecdp9w" data-testid="product-brand">President's Choice</p><h3 class="chakra-heading css-6qrhwc" id="20711275001_KG" data-testid="product-title">Black Seedless Grapes</h3><p class="chakra-text css-1yftjin" data-testid="product-package-size">$4.39/1kg $1.99/1lb</p></div></a><div class="css-8keand"></div></div><div class="css-1q5omjq"><div class="css-fcebb8"><div data-testid="atc-compact" class="css-y94ivq" style="width: 45px;"><button type="button" class="chakra-button css-mudsm6" data-testid="atc-button"><svg stroke="currentColor" fill="currentColor" stroke-width="0" viewBox="0 0 24 24" focusable="false" class="chakra-icon css-1g3sp7a" data-testid="btn-icon" aria-hidden="true" height="1em" width="1em" xmlns="http://www.w3.org/2000/svg"><path d="M19 13h-6v6h-2v-6H5v-2h6V5h2v6h6v2z"></path></svg><span class="css-idkz9h">Add Black Seedless Grapes to cart</span></button></div></div></div></div></div></li><li tabindex="-1" class="css-0"><div class="css-f5i5wc"><div class="chakra-linkbox css-vhnn8v"><div data-testid="product-image" class="css-16dr4ly"><img alt="null Cantaloupe 1 ea, $3.99/1ea" src="https://assets.shop.loblaws.ca/products/20167017001/b1/en/front/20167017001_front_a01_@2.png" srcset="https://assets.shop.loblaws.ca/products/20167017001/b1/en/front/20167017001_front_a01_@2.png 1x, https://assets.shop.loblaws.ca/products/20167017001/b1/en/front/20167017001_front_a01_@2.png 2x" loading="lazy" class="chakra-image css-oguq8l" aria-hidden="true"></div><div class="css-qoklea"><div class="css-12dchmx"></div><div data-testid="price-product-tile" class="css-8atqhb"><p class="chakra-text css-0"><span class="chakra-text css-o93gbd" data-testid="sale-price"><span class="css-idkz9h">$3.99</span>$3.99</span><span class="chakra-text css-623q5h" data-testid="was-price"><span class="css-idkz9h">$4.99</span>$4.99</span></p><p class="chakra-text css-1m5a6y8" data-testid="price-descriptor">SAVE $1.00</p></div><a href="/cantaloupe/p/20167017001_EA?source=nspt" class="chakra-linkbox__overlay css-1hnz6hu"><div class="css-0"><h3 class="chakra-heading css-6qrhwc" id="20167017001_EA" data-testid="product-title">Cantaloupe</h3><p class="chakra-text css-1yftjin" data-testid="product-package-size">1 ea, $3.99/1ea</p></div></a><div class="css-8keand"></div></div><div class="css-1q5omjq"><div class="css-fcebb8"><div data-testid="atc-compact" class="css-y94ivq" style="width: 45px;"><button type="button" class="chakra-button css-mudsm6" data-testid="atc-button"><svg stroke="currentColor" fill="currentColor" stroke-width="0" viewBox="0 0 24 24" focusable="false" class="chakra-icon css-1g3sp7a" data-testid="btn-icon" aria-hidden="true" height="1em" width="1em" xmlns="http://www.w3.org/2000/svg"><path d="M19 13h-6v6h-2v-6H5v-2h6V5h2v6h6v2z"></path></svg><span class="css-idkz9h">Add Cantaloupe to cart</span></button></div></div></div></div></div></li><li tabindex="-1" class="css-0"><div class="css-f5i5wc"><div class="chakra-linkbox css-vhnn8v"><div data-testid="product-image" class="css-16dr4ly"><img alt="null Mini Seedless Watermelon 1 ea, $7.99/1ea" src="https://assets.shop.loblaws.ca/products/20145379001/b1/en/front/20145379001_front_a01_@2.png" srcset="https://assets.shop.loblaws.ca/products/20145379001/b1/en/front/20145379001_front_a01_@2.png 1x, https://assets.shop.loblaws.ca/products/20145379001/b1/en/front/20145379001_front_a01_@2.png 2x" loading="lazy" class="chakra-image css-oguq8l" aria-hidden="true"></div><div class="css-qoklea"><div class="css-12dchmx"></div><div data-testid="price-product-tile" class="css-8atqhb"><p class="chakra-text css-0"><span class="chakra-text css-pwnbcb" data-testid="regular-price"><span class="css-idkz9h">$7.99</span>$7.99</span></p></div><a href="/mini-seedless-watermelon/p/20145379001_EA?source=nspt" class="chakra-linkbox__overlay css-1hnz6hu"><div class="css-0"><h3 class="chakra-heading css-6qrhwc" id="20145379001_EA" data-testid="product-title">Mini Seedless Watermelon</h3><p class="chakra-text css-1yftjin" data-testid="product-package-size">1 ea, $7.99/1ea</p></div></a><div class="css-8keand"></div></div><div class="css-1q5omjq"><div class="css-fcebb8"><div data-testid="atc-compact" class="css-y94ivq" style="width: 45px;"><button disabled="" type="button" class="chakra-button css-mudsm6" data-testid="atc-button"><svg stroke="currentColor" fill="currentColor" stroke-width="0" viewBox="0 0 24 24" focusable="false" class="chakra-icon css-1g3sp7a" data-testid="btn-icon" aria-hidden="true" height="1em" width="1em" xmlns="http://www.w3.org/2000/svg"><path d="M19 13h-6v6h-2v-6H5v-2h6V5h2v6h6v2z"></path></svg><span class="css-idkz9h">Add Mini Seedless Watermelon to cart</span></button></div></div><div class="css-4saf4a"><p class="chakra-text css-py8788" data-testid="inventory-badge-text">Out of Stock</p></div></div></div></div></li><li tabindex="-1" class="css-0"><div class="css-f5i5wc"><div class="chakra-linkbox css-vhnn8v"><div data-testid="product-image" class="css-16dr4ly"><img alt="null Red Seedless Watermelon 1 ea, $8.99/1ea" src="https://assets.shop.loblaws.ca/products/20067326001/b1/en/front/20067326001_front_a01_@2.png" srcset="https://assets.shop.loblaws.ca/products/20067326001/b1/en/front/20067326001_front_a01_@2.png 1x, https://assets.shop.loblaws.ca/products/20067326001/b1/en/front/20067326001_front_a01_@2.png 2x" loading="lazy" class="chakra-image css-oguq8l" aria-hidden="true"></div><div class="css-qoklea"><div class="css-12dchmx"></div><div data-testid="price-product-tile" class="css-8atqhb"><p class="chakra-text css-0"><span class="chakra-text css-o93gbd" data-testid="sale-price"><span class="css-idkz9h">$8.99</span>$8.99</span><span class="chakra-text css-623q5h" data-testid="was-price"><span class="css-idkz9h">$12.99</span>$12.99</span></p><p class="chakra-text css-1m5a6y8" data-testid="price-descriptor">SAVE $4.00</p></div><a href="/red-seedless-watermelon/p/20067326001_EA?source=nspt" class="chakra-linkbox__overlay css-1hnz6hu"><div class="css-0"><h3 class="chakra-heading css-6qrhwc" id="20067326001_EA" data-testid="product-title">Red Seedless Watermelon</h3><p class="chakra-text css-1yftjin" data-testid="product-package-size">1 ea, $8.99/1ea</p></div></a><div class="css-8keand"></div></div><div class="css-1q5omjq"><div class="css-fcebb8"><div data-testid="atc-compact" class="css-y94ivq" style="width: 45px;"><button disabled="" type="button" class="chakra-button css-mudsm6" data-testid="atc-button"><svg stroke="currentColor" fill="currentColor" stroke-width="0" viewBox="0 0 24 24" focusable="false" class="chakra-icon css-1g3sp7a" data-testid="btn-icon" aria-hidden="true" height="1em" width="1em" xmlns="http://www.w3.org/2000/svg"><path d="M19 13h-6v6h-2v-6H5v-2h6V5h2v6h6v2z"></path></svg><span class="css-idkz9h">Add Red Seedless Watermelon to cart</span></button></div></div><div class="css-4saf4a"><p class="chakra-text css-py8788" data-testid="inventory-badge-text">Out of Stock</p></div></div></div></div></li><li tabindex="-1" class="css-0"><div class="css-f5i5wc"><div class="chakra-linkbox css-vhnn8v"><div data-testid="product-image" class="css-16dr4ly"><img alt="null Canary Melon $2.49/1lb" src="https://assets.shop.loblaws.ca/products/21022511001/b1/en/front/21022511001_front_a01_@2.png" srcset="https://assets.shop.loblaws.ca/products/21022511001/b1/en/front/21022511001_front_a01_@2.png 1x, https://assets.shop.loblaws.ca/products/21022511001/b1/en/front/21022511001_front_a01_@2.png 2x" loading="lazy" class="chakra-image css-oguq8l" aria-hidden="true"></div><div class="css-qoklea"><div class="css-12dchmx"></div><div data-testid="price-product-tile" class="css-8atqhb"><p class="chakra-text css-0"><span class="chakra-text css-pwnbcb" data-testid="regular-price"><span class="css-idkz9h">about $5.44</span>about $5.44</span></p></div><a href="/canary-melon/p/21022511001_KG?source=nspt" class="chakra-linkbox__overlay css-1hnz6hu"><div class="css-0"><h3 class="chakra-heading css-6qrhwc" id="21022511001_KG" data-testid="product-title">Canary Melon</h3><p class="chakra-text css-1yftjin" data-testid="product-package-size">$2.49/1lb</p></div></a><div class="css-8keand"></div></div><div class="css-1q5omjq"><div class="css-fcebb8"><div data-testid="atc-compact" class="css-y94ivq" style="width: 45px;"><button type="button" class="chakra-button css-mudsm6" data-testid="atc-button"><svg stroke="currentColor" fill="currentColor" stroke-width="0" viewBox="0 0 24 24" focusable="false" class="chakra-icon css-1g3sp7a" data-testid="btn-icon" aria-hidden="true" height="1em" width="1em" xmlns="http://www.w3.org/2000/svg"><path d="M19 13h-6v6h-2v-6H5v-2h6V5h2v6h6v2z"></path></svg><span class="css-idkz9h">Add Canary Melon to cart</span></button></div></div><div class="css-4saf4a"><p class="chakra-text css-py8788" data-testid="inventory-badge-text">Low Stock</p></div></div></div></div></li><li tabindex="-1" class="css-0"><div class="css-f5i5wc"><div class="chakra-linkbox css-vhnn8v"><div data-testid="product-image" class="css-16dr4ly"><img alt="null Gold Cored Pineapple 0.6 kg, $1.17/100g" src="https://assets.shop.loblaws.ca/products/20503143/b1/en/front/20503143_front_a01_@2.png" srcset="https://assets.shop.loblaws.ca/products/20503143/b1/en/front/20503143_front_a01_@2.png 1x, https://assets.shop.loblaws.ca/products/20503143/b1/en/front/20503143_front_a01_@2.png 2x" loading="lazy" class="chakra-image css-oguq8l" aria-hidden="true"></div><div class="css-qoklea"><div class="css-12dchmx"></div><div data-testid="price-product-tile" class="css-8atqhb"><p class="chakra-text css-0"><span class="chakra-text css-pwnbcb" data-testid="regular-price"><span class="css-idkz9h">$7.00</span>$7.00</span></p></div><a href="/gold-cored-pineapple/p/20503143_EA?source=nspt" class="chakra-linkbox__overlay css-1hnz6hu"><div class="css-0"><h3 class="chakra-heading css-6qrhwc" id="20503143_EA" data-testid="product-title">Gold Cored Pineapple</h3><p class="chakra-text css-1yftjin" data-testid="product-package-size">0.6 kg, $1.17/100g</p></div></a><div class="css-8keand"></div></div><div class="css-1q5omjq"><div class="css-fcebb8"><div data-testid="atc-compact" class="css-y94ivq" style="width: 45px;"><button type="button" class="chakra-button css-mudsm6" data-testid="atc-button"><svg stroke="currentColor" fill="currentColor" stroke-width="0" viewBox="0 0 24 24" focusable="false" class="chakra-icon css-1g3sp7a" data-testid="btn-icon" aria-hidden="true" height="1em" width="1em" xmlns="http://www.w3.org/2000/svg"><path d="M19 13h-6v6h-2v-6H5v-2h6V5h2v6h6v2z"></path></svg><span class="css-idkz9h">Add Gold Cored Pineapple to cart</span></button></div></div></div></div></div></li><li tabindex="-1" class="css-0"><div class="css-f5i5wc"><div class="chakra-linkbox css-vhnn8v"><div data-testid="product-image" class="css-16dr4ly"><img alt="null Pineapple 1 ea, $6.99/1ea" src="https://assets.shop.loblaws.ca/products/20119813001/b1/en/front/20119813001_front_a01_@2.png" srcset="https://assets.shop.loblaws.ca/products/20119813001/b1/en/front/20119813001_front_a01_@2.png 1x, https://assets.shop.loblaws.ca/products/20119813001/b1/en/front/20119813001_front_a01_@2.png 2x" loading="lazy" class="chakra-image css-oguq8l" aria-hidden="true"></div><div class="css-qoklea"><div class="css-12dchmx"></div><div data-testid="price-product-tile" class="css-8atqhb"><p class="chakra-text css-0"><span class="chakra-text css-pwnbcb" data-testid="regular-price"><span class="css-idkz9h">$6.99</span>$6.99</span></p></div><a href="/pineapple/p/20119813001_EA?source=nspt" class="chakra-linkbox__overlay css-1hnz6hu"><div class="css-0"><h3 class="chakra-heading css-6qrhwc" id="20119813001_EA" data-testid="product-title">Pineapple</h3><p class="chakra-text css-1yftjin" data-testid="product-package-size">1 ea, $6.99/1ea</p></div></a><div class="css-8keand"></div></div><div class="css-1q5omjq"><div class="css-fcebb8"><div data-testid="atc-compact" class="css-y94ivq" style="width: 45px;"><button type="button" class="chakra-button css-mudsm6" data-testid="atc-button"><svg stroke="currentColor" fill="currentColor" stroke-width="0" viewBox="0 0 24 24" focusable="false" class="chakra-icon css-1g3sp7a" data-testid="btn-icon" aria-hidden="true" height="1em" width="1em" xmlns="http://www.w3.org/2000/svg"><path d="M19 13h-6v6h-2v-6H5v-2h6V5h2v6h6v2z"></path></svg><span class="css-idkz9h">Add Pineapple to cart</span></button></div></div></div></div></div></li><li tabindex="-1" class="css-0"><div class="css-f5i5wc"><div class="chakra-linkbox css-vhnn8v"><div data-testid="product-image" class="css-16dr4ly"><img alt="Farmer's Market Red Grapefruit, 3 lb Bag 1.36 kg, $0.66/100g" src="https://assets.shop.loblaws.ca/products/20118409001/b1/en/front/20118409001_front_a01_@2.png" srcset="https://assets.shop.loblaws.ca/products/20118409001/b1/en/front/20118409001_front_a01_@2.png 1x, https://assets.shop.loblaws.ca/products/20118409001/b1/en/front/20118409001_front_a01_@2.png 2x" loading="lazy" class="chakra-image css-oguq8l" aria-hidden="true"></div><div class="css-qoklea"><div class="css-12dchmx"></div><div data-testid="price-product-tile" class="css-8atqhb"><p class="chakra-text css-0"><span class="chakra-text css-pwnbcb" data-testid="regular-price"><span class="css-idkz9h">$8.99</span>$8.99</span></p></div><a href="/red-grapefruit-3-lb-bag/p/20118409001_EA?source=nspt" class="chakra-linkbox__overlay css-1hnz6hu"><div class="css-0"><p class="chakra-text css-1ecdp9w" data-testid="product-brand">Farmer's Market</p><h3 class="chakra-heading css-6qrhwc" id="20118409001_EA" data-testid="product-title">Red Grapefruit, 3 lb Bag</h3><p class="chakra-text css-1yftjin" data-testid="product-package-size">1.36 kg, $0.66/100g</p></div></a><div class="css-8keand"></div></div><div class="css-1q5omjq"><div class="css-fcebb8"><div data-testid="atc-compact" class="css-y94ivq" style="width: 45px;"><button type="button" class="chakra-button css-mudsm6" data-testid="atc-button"><svg stroke="currentColor" fill="currentColor" stroke-width="0" viewBox="0 0 24 24" focusable="false" class="chakra-icon css-1g3sp7a" data-testid="btn-icon" aria-hidden="true" height="1em" width="1em" xmlns="http://www.w3.org/2000/svg"><path d="M19 13h-6v6h-2v-6H5v-2h6V5h2v6h6v2z"></path></svg><span class="css-idkz9h">Add Red Grapefruit, 3 lb Bag to cart</span></button></div></div></div></div></div></li><li tabindex="-1" class="css-0"><div class="css-f5i5wc"><div class="chakra-linkbox css-vhnn8v"><div data-testid="product-image" class="css-16dr4ly"><img alt="Farmer's Market Navel Oranges, 3 lb Bag 1.36 kg, $0.59/100g" src="https://assets.shop.loblaws.ca/products/20162945001/b1/en/front/20162945001_front_a01_@2.png" srcset="https://assets.shop.loblaws.ca/products/20162945001/b1/en/front/20162945001_front_a01_@2.png 1x, https://assets.shop.loblaws.ca/products/20162945001/b1/en/front/20162945001_front_a01_@2.png 2x" loading="lazy" class="chakra-image css-oguq8l" aria-hidden="true"></div><div class="css-qoklea"><div class="css-12dchmx"></div><div data-testid="price-product-tile" class="css-8atqhb"><p class="chakra-text css-0"><span class="chakra-text css-pwnbcb" data-testid="regular-price"><span class="css-idkz9h">$7.99</span>$7.99</span></p></div><a href="/navel-oranges-3-lb-bag/p/20162945001_EA?source=nspt" class="chakra-linkbox__overlay css-1hnz6hu"><div class="css-0"><p class="chakra-text css-1ecdp9w" data-testid="product-brand">Farmer's Market</p><h3 class="chakra-heading css-6qrhwc" id="20162945001_EA" data-testid="product-title">Navel Oranges, 3 lb Bag</h3><p class="chakra-text css-1yftjin" data-testid="product-package-size">1.36 kg, $0.59/100g</p></div></a><div class="css-8keand"></div></div><div class="css-1q5omjq"><div class="css-fcebb8"><div data-testid="atc-compact" class="css-y94ivq" style="width: 45px;"><button type="button" class="chakra-button css-mudsm6" data-testid="atc-button"><svg stroke="currentColor" fill="currentColor" stroke-width="0" viewBox="0 0 24 24" focusable="false" class="chakra-icon css-1g3sp7a" data-testid="btn-icon" aria-hidden="true" height="1em" width="1em" xmlns="http://www.w3.org/2000/svg"><path d="M19 13h-6v6h-2v-6H5v-2h6V5h2v6h6v2z"></path></svg><span class="css-idkz9h">Add Navel Oranges, 3 lb Bag to cart</span></button></div></div></div></div></div></li><li tabindex="-1" class="css-0"><div class="css-f5i5wc"><div class="chakra-linkbox css-vhnn8v"><div data-testid="product-image" class="css-16dr4ly"><img alt="Farmer's Market Grape Tomatoes 283 g, $1.76/100g" src="https://assets.shop.loblaws.ca/products/21367888001/b1/en/front/21367888001_front_a01_@2.png" srcset="https://assets.shop.loblaws.ca/products/21367888001/b1/en/front/21367888001_front_a01_@2.png 1x, https://assets.shop.loblaws.ca/products/21367888001/b1/en/front/21367888001_front_a01_@2.png 2x" loading="lazy" class="chakra-image css-oguq8l" aria-hidden="true"></div><div class="css-qoklea"><div class="css-12dchmx"></div><div data-testid="price-product-tile" class="css-8atqhb"><p class="chakra-text css-0"><span class="chakra-text css-pwnbcb" data-testid="regular-price"><span class="css-idkz9h">$4.99</span>$4.99</span></p></div><a href="/grape-tomatoes/p/21367888001_EA?source=nspt" class="chakra-linkbox__overlay css-1hnz6hu"><div class="css-0"><p class="chakra-text css-1ecdp9w" data-testid="product-brand">Farmer's Market</p><h3 class="chakra-heading css-6qrhwc" id="21367888001_EA" data-testid="product-title">Grape Tomatoes</h3><p class="chakra-text css-1yftjin" data-testid="product-package-size">283 g, $1.76/100g</p></div></a><div class="css-8keand"></div></div><div class="css-1q5omjq"><div class="css-fcebb8"><div data-testid="atc-compact" class="css-y94ivq" style="width: 45px;"><button disabled="" type="button" class="chakra-button css-mudsm6" data-testid="atc-button"><svg stroke="currentColor" fill="currentColor" stroke-width="0" viewBox="0 0 24 24" focusable="false" class="chakra-icon css-1g3sp7a" data-testid="btn-icon" aria-hidden="true" height="1em" width="1em" xmlns="http://www.w3.org/2000/svg"><path d="M19 13h-6v6h-2v-6H5v-2h6V5h2v6h6v2z"></path></svg><span class="css-idkz9h">Add Grape Tomatoes to cart</span></button></div></div><div class="css-4saf4a"><p class="chakra-text css-py8788" data-testid="inventory-badge-text">Out of Stock</p></div></div></div></div></li><li tabindex="-1" class="css-0"><div class="css-f5i5wc"><div class="chakra-linkbox css-vhnn8v"><div data-testid="product-image" class="css-16dr4ly"><img alt="null Tomato Beefsteak  Red $6.59/1kg $2.99/1lb" src="https://assets.shop.loblaws.ca/products/20426141001/b1/en/front/20426141001_front_a01_@2.png" srcset="https://assets.shop.loblaws.ca/products/20426141001/b1/en/front/20426141001_front_a01_@2.png 1x, https://assets.shop.loblaws.ca/products/20426141001/b1/en/front/20426141001_front_a01_@2.png 2x" loading="lazy" class="chakra-image css-oguq8l" aria-hidden="true"></div><div class="css-qoklea"><div class="css-12dchmx"></div><div data-testid="price-product-tile" class="css-8atqhb"><p class="chakra-text css-0"><span class="chakra-text css-pwnbcb" data-testid="regular-price"><span class="css-idkz9h">about $1.77</span>about $1.77</span></p></div><a href="/tomato-beefsteak-red/p/20426141001_KG?source=nspt" class="chakra-linkbox__overlay css-1hnz6hu"><div class="css-0"><h3 class="chakra-heading css-6qrhwc" id="20426141001_KG" data-testid="product-title">Tomato Beefsteak  Red</h3><p class="chakra-text css-1yftjin" data-testid="product-package-size">$6.59/1kg $2.99/1lb</p></div></a><div class="css-8keand"></div></div><div class="css-1q5omjq"><div class="css-fcebb8"><div data-testid="atc-compact" class="css-y94ivq" style="width: 45px;"><button type="button" class="chakra-button css-mudsm6" data-testid="atc-button"><svg stroke="currentColor" fill="currentColor" stroke-width="0" viewBox="0 0 24 24" focusable="false" class="chakra-icon css-1g3sp7a" data-testid="btn-icon" aria-hidden="true" height="1em" width="1em" xmlns="http://www.w3.org/2000/svg"><path d="M19 13h-6v6h-2v-6H5v-2h6V5h2v6h6v2z"></path></svg><span class="css-idkz9h">Add Tomato Beefsteak  Red to cart</span></button></div></div></div></div></div></li><li tabindex="-1" class="css-0"><div class="css-f5i5wc"><div class="chakra-linkbox css-vhnn8v"><div data-testid="product-image" class="css-16dr4ly"><img alt="President's Choice Live Lettuce Green 350 g, $4.00/1ea" src="https://assets.shop.loblaws.ca/products/21178855/b1/en/front/21178855_front_a01_@2.png" srcset="https://assets.shop.loblaws.ca/products/21178855/b1/en/front/21178855_front_a01_@2.png 1x, https://assets.shop.loblaws.ca/products/21178855/b1/en/front/21178855_front_a01_@2.png 2x" loading="lazy" class="chakra-image css-oguq8l" aria-hidden="true"></div><div class="css-qoklea"><div class="css-12dchmx"></div><div data-testid="price-product-tile" class="css-8atqhb"><p class="chakra-text css-0"><span class="chakra-text css-pwnbcb" data-testid="regular-price"><span class="css-idkz9h">$4.00</span>$4.00</span></p></div><a href="/live-lettuce-green/p/21178855_EA?source=nspt" class="chakra-linkbox__overlay css-1hnz6hu"><div class="css-0"><p class="chakra-text css-1ecdp9w" data-testid="product-brand">President's Choice</p><h3 class="chakra-heading css-6qrhwc" id="21178855_EA" data-testid="product-title">Live Lettuce Green</h3><p class="chakra-text css-1yftjin" data-testid="product-package-size">350 g, $4.00/1ea</p></div></a><div class="css-8keand"></div></div><div class="css-1q5omjq"><div class="css-fcebb8"><div data-testid="atc-compact" class="css-y94ivq" style="width: 45px;"><button type="button" class="chakra-button css-mudsm6" data-testid="atc-button"><svg stroke="currentColor" fill="currentColor" stroke-width="0" viewBox="0 0 24 24" focusable="false" class="chakra-icon css-1g3sp7a" data-testid="btn-icon" aria-hidden="true" height="1em" width="1em" xmlns="http://www.w3.org/2000/svg"><path d="M19 13h-6v6h-2v-6H5v-2h6V5h2v6h6v2z"></path></svg><span class="css-idkz9h">Add Live Lettuce Green to cart</span></button></div></div></div></div></div></li><li tabindex="-1" class="css-0"><div class="css-f5i5wc"><div class="chakra-linkbox css-vhnn8v"><div data-testid="product-image" class="css-16dr4ly"><img alt="President's Choice Live Lettuce Red, 1-count 350 g, $4.00/1ea" src="https://assets.shop.loblaws.ca/products/21506580/b1/en/front/21506580_front_a01_@2.png" srcset="https://assets.shop.loblaws.ca/products/21506580/b1/en/front/21506580_front_a01_@2.png 1x, https://assets.shop.loblaws.ca/products/21506580/b1/en/front/21506580_front_a01_@2.png 2x" loading="lazy" class="chakra-image css-oguq8l" aria-hidden="true"></div><div class="css-qoklea"><div class="css-12dchmx"></div><div data-testid="price-product-tile" class="css-8atqhb"><p class="chakra-text css-0"><span class="chakra-text css-pwnbcb" data-testid="regular-price"><span class="css-idkz9h">$4.00</span>$4.00</span></p></div><a href="/live-lettuce-red-1-count/p/21506580_EA?source=nspt" class="chakra-linkbox__overlay css-1hnz6hu"><div class="css-0"><p class="chakra-text css-1ecdp9w" data-testid="product-brand">President's Choice</p><h3 class="chakra-heading css-6qrhwc" id="21506580_EA" data-testid="product-title">Live Lettuce Red, 1-count</h3><p class="chakra-text css-1yftjin" data-testid="product-package-size">350 g, $4.00/1ea</p></div></a><div class="css-8keand"></div></div><div class="css-1q5omjq"><div class="css-fcebb8"><div data-testid="atc-compact" class="css-y94ivq" style="width: 45px;"><button type="button" class="chakra-button css-mudsm6" data-testid="atc-button"><svg stroke="currentColor" fill="currentColor" stroke-width="0" viewBox="0 0 24 24" focusable="false" class="chakra-icon css-1g3sp7a" data-testid="btn-icon" aria-hidden="true" height="1em" width="1em" xmlns="http://www.w3.org/2000/svg"><path d="M19 13h-6v6h-2v-6H5v-2h6V5h2v6h6v2z"></path></svg><span class="css-idkz9h">Add Live Lettuce Red, 1-count to cart</span></button></div></div></div></div></div></li><li tabindex="-1" class="css-0"><div class="css-f5i5wc"><div class="chakra-linkbox css-vhnn8v"><div data-testid="product-image" class="css-16dr4ly"><img alt="President's Choice Live Lettuce Tri Mix - 1 Unit 350 g, $4.00/1ea" src="https://assets.shop.loblaws.ca/products/21178850/b1/en/front/21178850_front_a01_@2.png" srcset="https://assets.shop.loblaws.ca/products/21178850/b1/en/front/21178850_front_a01_@2.png 1x, https://assets.shop.loblaws.ca/products/21178850/b1/en/front/21178850_front_a01_@2.png 2x" loading="lazy" class="chakra-image css-oguq8l" aria-hidden="true"></div><div class="css-qoklea"><div class="css-12dchmx"></div><div data-testid="price-product-tile" class="css-8atqhb"><p class="chakra-text css-0"><span class="chakra-text css-pwnbcb" data-testid="regular-price"><span class="css-idkz9h">$4.00</span>$4.00</span></p></div><a href="/live-lettuce-tri-mix-1-unit/p/21178850_EA?source=nspt" class="chakra-linkbox__overlay css-1hnz6hu"><div class="css-0"><p class="chakra-text css-1ecdp9w" data-testid="product-brand">President's Choice</p><h3 class="chakra-heading css-6qrhwc" id="21178850_EA" data-testid="product-title">Live Lettuce Tri Mix - 1 Unit</h3><p class="chakra-text css-1yftjin" data-testid="product-package-size">350 g, $4.00/1ea</p></div></a><div class="css-8keand"></div></div><div class="css-1q5omjq"><div class="css-fcebb8"><div data-testid="atc-compact" class="css-y94ivq" style="width: 45px;"><button type="button" class="chakra-button css-mudsm6" data-testid="atc-button"><svg stroke="currentColor" fill="currentColor" stroke-width="0" viewBox="0 0 24 24" focusable="false" class="chakra-icon css-1g3sp7a" data-testid="btn-icon" aria-hidden="true" height="1em" width="1em" xmlns="http://www.w3.org/2000/svg"><path d="M19 13h-6v6h-2v-6H5v-2h6V5h2v6h6v2z"></path></svg><span class="css-idkz9h">Add Live Lettuce Tri Mix - 1 Unit to cart</span></button></div></div></div></div></div></li><li tabindex="-1" class="css-0"><div class="css-f5i5wc"><div class="chakra-linkbox css-vhnn8v"><div data-testid="product-image" class="css-16dr4ly"><img alt="null Avocados Bag, 5-Pack 1 ea, $1.40/1ea" src="https://assets.shop.loblaws.ca/products/20142232001/b1/en/front/20142232001_front_a01_@2.png" srcset="https://assets.shop.loblaws.ca/products/20142232001/b1/en/front/20142232001_front_a01_@2.png 1x, https://assets.shop.loblaws.ca/products/20142232001/b1/en/front/20142232001_front_a01_@2.png 2x" loading="lazy" class="chakra-image css-oguq8l" aria-hidden="true"></div><div class="css-qoklea"><div class="css-12dchmx"></div><div data-testid="price-product-tile" class="css-8atqhb"><p class="chakra-text css-0"><span class="chakra-text css-pwnbcb" data-testid="regular-price"><span class="css-idkz9h">$6.99</span>$6.99</span></p></div><a href="/avocados-bag-5-pack/p/20142232001_EA?source=nspt" class="chakra-linkbox__overlay css-1hnz6hu"><div class="css-0"><h3 class="chakra-heading css-6qrhwc" id="20142232001_EA" data-testid="product-title">Avocados Bag, 5-Pack</h3><p class="chakra-text css-1yftjin" data-testid="product-package-size">1 ea, $1.40/1ea</p></div></a><div class="css-8keand"></div></div><div class="css-1q5omjq"><div class="css-fcebb8"><div data-testid="atc-compact" class="css-y94ivq" style="width: 45px;"><button type="button" class="chakra-button css-mudsm6" data-testid="atc-button"><svg stroke="currentColor" fill="currentColor" stroke-width="0" viewBox="0 0 24 24" focusable="false" class="chakra-icon css-1g3sp7a" data-testid="btn-icon" aria-hidden="true" height="1em" width="1em" xmlns="http://www.w3.org/2000/svg"><path d="M19 13h-6v6h-2v-6H5v-2h6V5h2v6h6v2z"></path></svg><span class="css-idkz9h">Add Avocados Bag, 5-Pack to cart</span></button></div></div></div></div></div></li><li tabindex="-1" class="css-0"><div class="css-f5i5wc"><div class="chakra-linkbox css-vhnn8v"><div data-testid="product-image" class="css-16dr4ly"><img alt="President's Choice Axiany Cherry Tomatoes 681 g, $1.32/100g" src="https://assets.shop.loblaws.ca/products/21090447001/b1/en/front/21090447001_front_a01_@2.png" srcset="https://assets.shop.loblaws.ca/products/21090447001/b1/en/front/21090447001_front_a01_@2.png 1x, https://assets.shop.loblaws.ca/products/21090447001/b1/en/front/21090447001_front_a01_@2.png 2x" loading="lazy" class="chakra-image css-oguq8l" aria-hidden="true"></div><div class="css-qoklea"><div class="css-12dchmx"></div><div data-testid="price-product-tile" class="css-8atqhb"><p class="chakra-text css-0"><span class="chakra-text css-pwnbcb" data-testid="regular-price"><span class="css-idkz9h">$8.99</span>$8.99</span></p></div><a href="/axiany-cherry-tomatoes/p/21090447001_EA?source=nspt" class="chakra-linkbox__overlay css-1hnz6hu"><div class="css-0"><p class="chakra-text css-1ecdp9w" data-testid="product-brand">President's Choice</p><h3 class="chakra-heading css-6qrhwc" id="21090447001_EA" data-testid="product-title">Axiany Cherry Tomatoes</h3><p class="chakra-text css-1yftjin" data-testid="product-package-size">681 g, $1.32/100g</p></div></a><div class="css-8keand"></div></div><div class="css-1q5omjq"><div class="css-fcebb8"><div data-testid="atc-compact" class="css-y94ivq" style="width: 45px;"><button type="button" class="chakra-button css-mudsm6" data-testid="atc-button"><svg stroke="currentColor" fill="currentColor" stroke-width="0" viewBox="0 0 24 24" focusable="false" class="chakra-icon css-1g3sp7a" data-testid="btn-icon" aria-hidden="true" height="1em" width="1em" xmlns="http://www.w3.org/2000/svg"><path d="M19 13h-6v6h-2v-6H5v-2h6V5h2v6h6v2z"></path></svg><span class="css-idkz9h">Add Axiany Cherry Tomatoes to cart</span></button></div></div></div></div></div></li><li tabindex="-1" class="css-0"><div class="css-f5i5wc"><div class="chakra-linkbox css-vhnn8v"><div data-testid="product-image" class="css-16dr4ly"><img alt="President's Choice Variety Pack Tomatoes 680 g, $1.03/100g" src="https://assets.shop.loblaws.ca/products/20949866001/b1/en/front/20949866001_front_a01_@2.png" srcset="https://assets.shop.loblaws.ca/products/20949866001/b1/en/front/20949866001_front_a01_@2.png 1x, https://assets.shop.loblaws.ca/products/20949866001/b1/en/front/20949866001_front_a01_@2.png 2x" loading="lazy" class="chakra-image css-oguq8l" aria-hidden="true"></div><div class="css-qoklea"><div class="css-12dchmx"></div><div data-testid="price-product-tile" class="css-8atqhb"><p class="chakra-text css-0"><span class="chakra-text css-o93gbd" data-testid="sale-price"><span class="css-idkz9h">$6.99</span>$6.99</span><span class="chakra-text css-623q5h" data-testid="was-price"><span class="css-idkz9h">$8.99</span>$8.99</span></p><p class="chakra-text css-1m5a6y8" data-testid="price-descriptor">SAVE $2.00</p></div><a href="/variety-pack-tomatoes/p/20949866001_EA?source=nspt" class="chakra-linkbox__overlay css-1hnz6hu"><div class="css-0"><p class="chakra-text css-1ecdp9w" data-testid="product-brand">President's Choice</p><h3 class="chakra-heading css-6qrhwc" id="20949866001_EA" data-testid="product-title">Variety Pack Tomatoes</h3><p class="chakra-text css-1yftjin" data-testid="product-package-size">680 g, $1.03/100g</p></div></a><div class="css-8keand"></div></div><div class="css-1q5omjq"><div class="css-fcebb8"><div data-testid="atc-compact" class="css-y94ivq" style="width: 45px;"><button type="button" class="chakra-button css-mudsm6" data-testid="atc-button"><svg stroke="currentColor" fill="currentColor" stroke-width="0" viewBox="0 0 24 24" focusable="false" class="chakra-icon css-1g3sp7a" data-testid="btn-icon" aria-hidden="true" height="1em" width="1em" xmlns="http://www.w3.org/2000/svg"><path d="M19 13h-6v6h-2v-6H5v-2h6V5h2v6h6v2z"></path></svg><span class="css-idkz9h">Add Variety Pack Tomatoes to cart</span></button></div></div></div></div></div></li><li tabindex="-1" class="css-0"><div class="css-f5i5wc"><div class="chakra-linkbox css-vhnn8v"><div data-testid="product-image" class="css-16dr4ly"><img alt="Farmer's Market Greenhouse Peppers 1 ea, $2.00/1ea" src="https://assets.shop.loblaws.ca/products/20085851001/b1/en/front/20085851001_front_a01_@2.png" srcset="https://assets.shop.loblaws.ca/products/20085851001/b1/en/front/20085851001_front_a01_@2.png 1x, https://assets.shop.loblaws.ca/products/20085851001/b1/en/front/20085851001_front_a01_@2.png 2x" loading="lazy" class="chakra-image css-oguq8l" aria-hidden="true"></div><div class="css-qoklea"><div class="css-12dchmx"></div><div data-testid="price-product-tile" class="css-8atqhb"><p class="chakra-text css-0"><span class="chakra-text css-pwnbcb" data-testid="regular-price"><span class="css-idkz9h">$5.99</span>$5.99</span></p></div><a href="/greenhouse-peppers/p/20085851001_EA?source=nspt" class="chakra-linkbox__overlay css-1hnz6hu"><div class="css-0"><p class="chakra-text css-1ecdp9w" data-testid="product-brand">Farmer's Market</p><h3 class="chakra-heading css-6qrhwc" id="20085851001_EA" data-testid="product-title">Greenhouse Peppers</h3><p class="chakra-text css-1yftjin" data-testid="product-package-size">1 ea, $2.00/1ea</p></div></a><div class="css-8keand"></div></div><div class="css-1q5omjq"><div class="css-fcebb8"><div data-testid="atc-compact" class="css-y94ivq" style="width: 45px;"><button type="button" class="chakra-button css-mudsm6" data-testid="atc-button"><svg stroke="currentColor" fill="currentColor" stroke-width="0" viewBox="0 0 24 24" focusable="false" class="chakra-icon css-1g3sp7a" data-testid="btn-icon" aria-hidden="true" height="1em" width="1em" xmlns="http://www.w3.org/2000/svg"><path d="M19 13h-6v6h-2v-6H5v-2h6V5h2v6h6v2z"></path></svg><span class="css-idkz9h">Add Greenhouse Peppers to cart</span></button></div></div></div></div></div></li><li tabindex="-1" class="css-0"><div class="css-f5i5wc"><div class="chakra-linkbox css-vhnn8v"><div data-testid="product-image" class="css-16dr4ly"><img alt="null Peppers, Mini 454 g, $1.32/100g" src="https://assets.shop.loblaws.ca/products/20889400001/b1/en/front/20889400001_front_a01_@2.png" srcset="https://assets.shop.loblaws.ca/products/20889400001/b1/en/front/20889400001_front_a01_@2.png 1x, https://assets.shop.loblaws.ca/products/20889400001/b1/en/front/20889400001_front_a01_@2.png 2x" loading="lazy" class="chakra-image css-oguq8l" aria-hidden="true"></div><div class="css-qoklea"><div class="css-12dchmx"></div><div data-testid="price-product-tile" class="css-8atqhb"><p class="chakra-text css-0"><span class="chakra-text css-pwnbcb" data-testid="regular-price"><span class="css-idkz9h">$5.99</span>$5.99</span></p></div><a href="/peppers-mini/p/20889400001_EA?source=nspt" class="chakra-linkbox__overlay css-1hnz6hu"><div class="css-0"><h3 class="chakra-heading css-6qrhwc" id="20889400001_EA" data-testid="product-title">Peppers, Mini</h3><p class="chakra-text css-1yftjin" data-testid="product-package-size">454 g, $1.32/100g</p></div></a><div class="css-8keand"></div></div><div class="css-1q5omjq"><div class="css-fcebb8"><div data-testid="atc-compact" class="css-y94ivq" style="width: 45px;"><button disabled="" type="button" class="chakra-button css-mudsm6" data-testid="atc-button"><svg stroke="currentColor" fill="currentColor" stroke-width="0" viewBox="0 0 24 24" focusable="false" class="chakra-icon css-1g3sp7a" data-testid="btn-icon" aria-hidden="true" height="1em" width="1em" xmlns="http://www.w3.org/2000/svg"><path d="M19 13h-6v6h-2v-6H5v-2h6V5h2v6h6v2z"></path></svg><span class="css-idkz9h">Add Peppers, Mini to cart</span></button></div></div><div class="css-4saf4a"><p class="chakra-text css-py8788" data-testid="inventory-badge-text">Out of Stock</p></div></div></div></div></li><li tabindex="-1" class="css-0"><div class="css-f5i5wc"><div class="chakra-linkbox css-vhnn8v"><div data-testid="product-image" class="css-16dr4ly"><img alt="null Broccoli 1 ea, $4.49/1ea" src="https://assets.shop.loblaws.ca/products/20145621001/b1/en/front/20145621001_front_a01_@2.png" srcset="https://assets.shop.loblaws.ca/products/20145621001/b1/en/front/20145621001_front_a01_@2.png 1x, https://assets.shop.loblaws.ca/products/20145621001/b1/en/front/20145621001_front_a01_@2.png 2x" loading="lazy" class="chakra-image css-oguq8l" aria-hidden="true"></div><div class="css-qoklea"><div class="css-12dchmx"></div><div data-testid="price-product-tile" class="css-8atqhb"><p class="chakra-text css-0"><span class="chakra-text css-pwnbcb" data-testid="regular-price"><span class="css-idkz9h">$4.49</span>$4.49</span></p></div><a href="/broccoli/p/20145621001_EA?source=nspt" class="chakra-linkbox__overlay css-1hnz6hu"><div class="css-0"><h3 class="chakra-heading css-6qrhwc" id="20145621001_EA" data-testid="product-title">Broccoli</h3><p class="chakra-text css-1yftjin" data-testid="product-package-size">1 ea, $4.49/1ea</p></div></a><div class="css-8keand"></div></div><div class="css-1q5omjq"><div class="css-fcebb8"><div data-testid="atc-compact" class="css-y94ivq" style="width: 45px;"><button type="button" class="chakra-button css-mudsm6" data-testid="atc-button"><svg stroke="currentColor" fill="currentColor" stroke-width="0" viewBox="0 0 24 24" focusable="false" class="chakra-icon css-1g3sp7a" data-testid="btn-icon" aria-hidden="true" height="1em" width="1em" xmlns="http://www.w3.org/2000/svg"><path d="M19 13h-6v6h-2v-6H5v-2h6V5h2v6h6v2z"></path></svg><span class="css-idkz9h">Add Broccoli to cart</span></button></div></div></div></div></div></li><li tabindex="-1" class="css-0"><div class="css-f5i5wc"><div class="chakra-linkbox css-vhnn8v"><div data-testid="product-image" class="css-16dr4ly"><img alt="null Broccoli Crowns $9.90/1kg $4.49/1lb" src="https://assets.shop.loblaws.ca/products/20026161001/b1/en/front/20026161001_front_a01_@2.png" srcset="https://assets.shop.loblaws.ca/products/20026161001/b1/en/front/20026161001_front_a01_@2.png 1x, https://assets.shop.loblaws.ca/products/20026161001/b1/en/front/20026161001_front_a01_@2.png 2x" loading="lazy" class="chakra-image css-oguq8l" aria-hidden="true"></div><div class="css-qoklea"><div class="css-12dchmx"></div><div data-testid="price-product-tile" class="css-8atqhb"><p class="chakra-text css-0"><span class="chakra-text css-pwnbcb" data-testid="regular-price"><span class="css-idkz9h">about $3.76</span>about $3.76</span></p></div><a href="/broccoli-crowns/p/20026161001_KG?source=nspt" class="chakra-linkbox__overlay css-1hnz6hu"><div class="css-0"><h3 class="chakra-heading css-6qrhwc" id="20026161001_KG" data-testid="product-title">Broccoli Crowns</h3><p class="chakra-text css-1yftjin" data-testid="product-package-size">$9.90/1kg $4.49/1lb</p></div></a><div class="css-8keand"></div></div><div class="css-1q5omjq"><div class="css-fcebb8"><div data-testid="atc-compact" class="css-y94ivq" style="width: 45px;"><button type="button" class="chakra-button css-mudsm6" data-testid="atc-button"><svg stroke="currentColor" fill="currentColor" stroke-width="0" viewBox="0 0 24 24" focusable="false" class="chakra-icon css-1g3sp7a" data-testid="btn-icon" aria-hidden="true" height="1em" width="1em" xmlns="http://www.w3.org/2000/svg"><path d="M19 13h-6v6h-2v-6H5v-2h6V5h2v6h6v2z"></path></svg><span class="css-idkz9h">Add Broccoli Crowns to cart</span></button></div></div></div></div></div></li><li tabindex="-1" class="css-0"><div class="css-f5i5wc"><div class="chakra-linkbox css-vhnn8v"><div data-testid="product-image" class="css-16dr4ly"><img alt="null Broccolini 1 bunch, $3.99/1ea" src="https://assets.shop.loblaws.ca/products/20154907/b1/en/front/20154907_front_a01_@2.png" srcset="https://assets.shop.loblaws.ca/products/20154907/b1/en/front/20154907_front_a01_@2.png 1x, https://assets.shop.loblaws.ca/products/20154907/b1/en/front/20154907_front_a01_@2.png 2x" loading="lazy" class="chakra-image css-oguq8l" aria-hidden="true"></div><div class="css-qoklea"><div class="css-12dchmx"></div><div data-testid="price-product-tile" class="css-8atqhb"><p class="chakra-text css-0"><span class="chakra-text css-pwnbcb" data-testid="regular-price"><span class="css-idkz9h">$3.99</span>$3.99</span></p></div><a href="/broccolini/p/20154907_EA?source=nspt" class="chakra-linkbox__overlay css-1hnz6hu"><div class="css-0"><h3 class="chakra-heading css-6qrhwc" id="20154907_EA" data-testid="product-title">Broccolini</h3><p class="chakra-text css-1yftjin" data-testid="product-package-size">1 bunch, $3.99/1ea</p></div></a><div class="css-8keand"></div></div><div class="css-1q5omjq"><div class="css-fcebb8"><div data-testid="atc-compact" class="css-y94ivq" style="width: 45px;"><button type="button" class="chakra-button css-mudsm6" data-testid="atc-button"><svg stroke="currentColor" fill="currentColor" stroke-width="0" viewBox="0 0 24 24" focusable="false" class="chakra-icon css-1g3sp7a" data-testid="btn-icon" aria-hidden="true" height="1em" width="1em" xmlns="http://www.w3.org/2000/svg"><path d="M19 13h-6v6h-2v-6H5v-2h6V5h2v6h6v2z"></path></svg><span class="css-idkz9h">Add Broccolini to cart</span></button></div></div></div></div></div></li><li tabindex="-1" class="css-0"><div class="css-f5i5wc"><div class="chakra-linkbox css-vhnn8v"><div data-testid="product-image" class="css-16dr4ly"><img alt="null English Cucumber 1 ea, $1.99/1ea" src="https://assets.shop.loblaws.ca/products/20070132001/b1/en/front/20070132001_front_a01_@2.png" srcset="https://assets.shop.loblaws.ca/products/20070132001/b1/en/front/20070132001_front_a01_@2.png 1x, https://assets.shop.loblaws.ca/products/20070132001/b1/en/front/20070132001_front_a01_@2.png 2x" loading="lazy" class="chakra-image css-oguq8l" aria-hidden="true"></div><div class="css-qoklea"><div class="css-12dchmx"></div><div data-testid="price-product-tile" class="css-8atqhb"><p class="chakra-text css-0"><span class="chakra-text css-pwnbcb" data-testid="regular-price"><span class="css-idkz9h">$1.99</span>$1.99</span></p></div><a href="/english-cucumber/p/20070132001_EA?source=nspt" class="chakra-linkbox__overlay css-1hnz6hu"><div class="css-0"><h3 class="chakra-heading css-6qrhwc" id="20070132001_EA" data-testid="product-title">English Cucumber</h3><p class="chakra-text css-1yftjin" data-testid="product-package-size">1 ea, $1.99/1ea</p></div></a><div class="css-8keand"></div></div><div class="css-1q5omjq"><div class="css-fcebb8"><div data-testid="atc-compact" class="css-y94ivq" style="width: 45px;"><button type="button" class="chakra-button css-mudsm6" data-testid="atc-button"><svg stroke="currentColor" fill="currentColor" stroke-width="0" viewBox="0 0 24 24" focusable="false" class="chakra-icon css-1g3sp7a" data-testid="btn-icon" aria-hidden="true" height="1em" width="1em" xmlns="http://www.w3.org/2000/svg"><path d="M19 13h-6v6h-2v-6H5v-2h6V5h2v6h6v2z"></path></svg><span class="css-idkz9h">Add English Cucumber to cart</span></button></div></div></div></div></div></li><li tabindex="-1" class="css-0"><div class="css-f5i5wc"><div class="chakra-linkbox css-vhnn8v"><div data-testid="product-image" class="css-16dr4ly"><img alt="Farmer's Market English Cucumber 3Ct     3 pack, $2.00/1ea" src="https://assets.shop.loblaws.ca/products/20828461001/b1/en/front/20828461001_front_a01_@2.png" srcset="https://assets.shop.loblaws.ca/products/20828461001/b1/en/front/20828461001_front_a01_@2.png 1x, https://assets.shop.loblaws.ca/products/20828461001/b1/en/front/20828461001_front_a01_@2.png 2x" loading="lazy" class="chakra-image css-oguq8l" aria-hidden="true"></div><div class="css-qoklea"><div class="css-12dchmx"></div><div data-testid="price-product-tile" class="css-8atqhb"><p class="chakra-text css-0"><span class="chakra-text css-pwnbcb" data-testid="regular-price"><span class="css-idkz9h">$5.99</span>$5.99</span></p></div><a href="/english-cucumber-3ct/p/20828461001_EA?source=nspt" class="chakra-linkbox__overlay css-1hnz6hu"><div class="css-0"><p class="chakra-text css-1ecdp9w" data-testid="product-brand">Farmer's Market</p><h3 class="chakra-heading css-6qrhwc" id="20828461001_EA" data-testid="product-title">English Cucumber 3Ct    </h3><p class="chakra-text css-1yftjin" data-testid="product-package-size">3 pack, $2.00/1ea</p></div></a><div class="css-8keand"></div></div><div class="css-1q5omjq"><div class="css-fcebb8"><div data-testid="atc-compact" class="css-y94ivq" style="width: 45px;"><button disabled="" type="button" class="chakra-button css-mudsm6" data-testid="atc-button"><svg stroke="currentColor" fill="currentColor" stroke-width="0" viewBox="0 0 24 24" focusable="false" class="chakra-icon css-1g3sp7a" data-testid="btn-icon" aria-hidden="true" height="1em" width="1em" xmlns="http://www.w3.org/2000/svg"><path d="M19 13h-6v6h-2v-6H5v-2h6V5h2v6h6v2z"></path></svg><span class="css-idkz9h">Add English Cucumber 3Ct     to cart</span></button></div></div><div class="css-4saf4a"><p class="chakra-text css-py8788" data-testid="inventory-badge-text">Out of Stock</p></div></div></div></div></li><li tabindex="-1" class="css-0"><div class="css-f5i5wc"><div class="chakra-linkbox css-vhnn8v"><div data-testid="product-image" class="css-16dr4ly"><img alt="Farmer's Market Yellow Onions, 3 lb Bag 1.36 kg, $0.29/100g" src="https://assets.shop.loblaws.ca/products/20811994001/b1/en/front/20811994001_front_a01_@2.png" srcset="https://assets.shop.loblaws.ca/products/20811994001/b1/en/front/20811994001_front_a01_@2.png 1x, https://assets.shop.loblaws.ca/products/20811994001/b1/en/front/20811994001_front_a01_@2.png 2x" loading="lazy" class="chakra-image css-oguq8l" aria-hidden="true"></div><div class="css-qoklea"><div class="css-12dchmx"></div><div data-testid="price-product-tile" class="css-8atqhb"><p class="chakra-text css-0"><span class="chakra-text css-pwnbcb" data-testid="regular-price"><span class="css-idkz9h">$3.99</span>$3.99</span></p></div><a href="/yellow-onions-3-lb-bag/p/20811994001_EA?source=nspt" class="chakra-linkbox__overlay css-1hnz6hu"><div class="css-0"><p class="chakra-text css-1ecdp9w" data-testid="product-brand">Farmer's Market</p><h3 class="chakra-heading css-6qrhwc" id="20811994001_EA" data-testid="product-title">Yellow Onions, 3 lb Bag</h3><p class="chakra-text css-1yftjin" data-testid="product-package-size">1.36 kg, $0.29/100g</p></div></a><div class="css-8keand"></div></div><div class="css-1q5omjq"><div class="css-fcebb8"><div data-testid="atc-compact" class="css-y94ivq" style="width: 45px;"><button type="button" class="chakra-button css-mudsm6" data-testid="atc-button"><svg stroke="currentColor" fill="currentColor" stroke-width="0" viewBox="0 0 24 24" focusable="false" class="chakra-icon css-1g3sp7a" data-testid="btn-icon" aria-hidden="true" height="1em" width="1em" xmlns="http://www.w3.org/2000/svg"><path d="M19 13h-6v6h-2v-6H5v-2h6V5h2v6h6v2z"></path></svg><span class="css-idkz9h">Add Yellow Onions, 3 lb Bag to cart</span></button></div></div></div></div></div></li><li tabindex="-1" class="css-0"><div class="css-f5i5wc"><div class="chakra-linkbox css-vhnn8v"><div data-testid="product-image" class="css-16dr4ly"><img alt="null Romaine Heart, 3 Pack 3 pack, $2.26/1ea" src="https://assets.shop.loblaws.ca/products/20067389001/b1/en/front/20067389001_front_a01_@2.png" srcset="https://assets.shop.loblaws.ca/products/20067389001/b1/en/front/20067389001_front_a01_@2.png 1x, https://assets.shop.loblaws.ca/products/20067389001/b1/en/front/20067389001_front_a01_@2.png 2x" loading="lazy" class="chakra-image css-oguq8l" aria-hidden="true"></div><div class="css-qoklea"><div class="css-12dchmx"></div><div data-testid="price-product-tile" class="css-8atqhb"><p class="chakra-text css-0"><span class="chakra-text css-pwnbcb" data-testid="regular-price"><span class="css-idkz9h">$6.79</span>$6.79</span></p></div><a href="/romaine-heart-3-pack/p/20067389001_EA?source=nspt" class="chakra-linkbox__overlay css-1hnz6hu"><div class="css-0"><h3 class="chakra-heading css-6qrhwc" id="20067389001_EA" data-testid="product-title">Romaine Heart, 3 Pack</h3><p class="chakra-text css-1yftjin" data-testid="product-package-size">3 pack, $2.26/1ea</p></div></a><div class="css-8keand"></div></div><div class="css-1q5omjq"><div class="css-fcebb8"><div data-testid="atc-compact" class="css-y94ivq" style="width: 45px;"><button type="button" class="chakra-button css-mudsm6" data-testid="atc-button"><svg stroke="currentColor" fill="currentColor" stroke-width="0" viewBox="0 0 24 24" focusable="false" class="chakra-icon css-1g3sp7a" data-testid="btn-icon" aria-hidden="true" height="1em" width="1em" xmlns="http://www.w3.org/2000/svg"><path d="M19 13h-6v6h-2v-6H5v-2h6V5h2v6h6v2z"></path></svg><span class="css-idkz9h">Add Romaine Heart, 3 Pack to cart</span></button></div></div></div></div></div></li><li tabindex="-1" class="css-0"><div class="css-f5i5wc"><div class="chakra-linkbox css-vhnn8v"><div data-testid="product-image" class="css-16dr4ly"><img alt="Farmer's Market Mini Carrots 1lb 454 g, $0.81/100g" src="https://assets.shop.loblaws.ca/products/20696621/b1/en/front/20696621_front_a01_@2.png" srcset="https://assets.shop.loblaws.ca/products/20696621/b1/en/front/20696621_front_a01_@2.png 1x, https://assets.shop.loblaws.ca/products/20696621/b1/en/front/20696621_front_a01_@2.png 2x" loading="lazy" class="chakra-image css-oguq8l" aria-hidden="true"></div><div class="css-qoklea"><div class="css-12dchmx"></div><div data-testid="price-product-tile" class="css-8atqhb"><p class="chakra-text css-0"><span class="chakra-text css-pwnbcb" data-testid="regular-price"><span class="css-idkz9h">$3.69</span>$3.69</span></p></div><a href="/mini-carrots-1lb/p/20696621_EA?source=nspt" class="chakra-linkbox__overlay css-1hnz6hu"><div class="css-0"><p class="chakra-text css-1ecdp9w" data-testid="product-brand">Farmer's Market</p><h3 class="chakra-heading css-6qrhwc" id="20696621_EA" data-testid="product-title">Mini Carrots 1lb</h3><p class="chakra-text css-1yftjin" data-testid="product-package-size">454 g, $0.81/100g</p></div></a><div class="css-8keand"></div></div><div class="css-1q5omjq"><div class="css-fcebb8"><div data-testid="atc-compact" class="css-y94ivq" style="width: 45px;"><button type="button" class="chakra-button css-mudsm6" data-testid="atc-button"><svg stroke="currentColor" fill="currentColor" stroke-width="0" viewBox="0 0 24 24" focusable="false" class="chakra-icon css-1g3sp7a" data-testid="btn-icon" aria-hidden="true" height="1em" width="1em" xmlns="http://www.w3.org/2000/svg"><path d="M19 13h-6v6h-2v-6H5v-2h6V5h2v6h6v2z"></path></svg><span class="css-idkz9h">Add Mini Carrots 1lb to cart</span></button></div></div></div></div></div></li><li tabindex="-1" class="css-0"><div class="css-f5i5wc"><div class="chakra-linkbox css-vhnn8v"><div data-testid="product-image" class="css-16dr4ly"><img alt="null Brussels Sprouts $11.00/1kg $4.99/1lb" src="https://assets.shop.loblaws.ca/products/20036155001/b1/en/front/20036155001_front_a01_@2.png" srcset="https://assets.shop.loblaws.ca/products/20036155001/b1/en/front/20036155001_front_a01_@2.png 1x, https://assets.shop.loblaws.ca/products/20036155001/b1/en/front/20036155001_front_a01_@2.png 2x" loading="lazy" class="chakra-image css-oguq8l" aria-hidden="true"></div><div class="css-qoklea"><div class="css-12dchmx"></div><div data-testid="price-product-tile" class="css-8atqhb"><p class="chakra-text css-0"><span class="chakra-text css-pwnbcb" data-testid="regular-price"><span class="css-idkz9h">$1.10</span>$1.10</span></p></div><a href="/brussels-sprouts/p/20036155001_KG?source=nspt" class="chakra-linkbox__overlay css-1hnz6hu"><div class="css-0"><h3 class="chakra-heading css-6qrhwc" id="20036155001_KG" data-testid="product-title">Brussels Sprouts</h3><p class="chakra-text css-1yftjin" data-testid="product-package-size">$11.00/1kg $4.99/1lb</p></div></a><div class="css-8keand"></div></div><div class="css-1q5omjq"><div class="css-fcebb8"><div data-testid="atc-compact" class="css-y94ivq" style="width: 45px;"><button type="button" class="chakra-button css-mudsm6" data-testid="atc-button"><svg stroke="currentColor" fill="currentColor" stroke-width="0" viewBox="0 0 24 24" focusable="false" class="chakra-icon css-1g3sp7a" data-testid="btn-icon" aria-hidden="true" height="1em" width="1em" xmlns="http://www.w3.org/2000/svg"><path d="M19 13h-6v6h-2v-6H5v-2h6V5h2v6h6v2z"></path></svg><span class="css-idkz9h">Add Brussels Sprouts to cart</span></button></div></div></div></div></div></li><li tabindex="-1" class="css-0"><div class="css-f5i5wc"><div class="chakra-linkbox css-vhnn8v"><div data-testid="product-image" class="css-16dr4ly"><img alt="President's Choice Caesar Salad Chop Kit 298 g, $2.35/100g" src="https://assets.shop.loblaws.ca/products/21378085/b1/en/front/21378085_front_a01_@2.png" srcset="https://assets.shop.loblaws.ca/products/21378085/b1/en/front/21378085_front_a01_@2.png 1x, https://assets.shop.loblaws.ca/products/21378085/b1/en/front/21378085_front_a01_@2.png 2x" loading="lazy" class="chakra-image css-oguq8l" aria-hidden="true"></div><div class="css-qoklea"><div class="css-12dchmx"></div><div data-testid="price-product-tile" class="css-8atqhb"><p class="chakra-text css-0"><span class="chakra-text css-o93gbd" data-testid="sale-price"><span class="css-idkz9h">$6.00 MIN 2</span>$6.00 MIN 2</span></p><p class="chakra-text css-0"><span class="chakra-text css-1wji473" data-testid="non-members-price"><span class="css-idkz9h">$6.99</span>$6.99</span><span class="chakra-text css-esi4gg" data-testid="was-price"><span class="css-idkz9h"></span></span></p></div><a href="/caesar-salad-chop-kit/p/21378085_EA?source=nspt" class="chakra-linkbox__overlay css-1hnz6hu"><div class="css-0"><p class="chakra-text css-1ecdp9w" data-testid="product-brand">President's Choice</p><h3 class="chakra-heading css-6qrhwc" id="21378085_EA" data-testid="product-title">Caesar Salad Chop Kit</h3><p class="chakra-text css-1yftjin" data-testid="product-package-size">298 g, $2.35/100g</p></div></a><div class="css-8keand"></div></div><div class="css-1q5omjq"><div class="css-fcebb8"><div data-testid="atc-compact" class="css-y94ivq" style="width: 45px;"><button type="button" class="chakra-button css-mudsm6" data-testid="atc-button"><svg stroke="currentColor" fill="currentColor" stroke-width="0" viewBox="0 0 24 24" focusable="false" class="chakra-icon css-1g3sp7a" data-testid="btn-icon" aria-hidden="true" height="1em" width="1em" xmlns="http://www.w3.org/2000/svg"><path d="M19 13h-6v6h-2v-6H5v-2h6V5h2v6h6v2z"></path></svg><span class="css-idkz9h">Add Caesar Salad Chop Kit to cart</span></button></div></div></div></div></div></li><li tabindex="-1" class="css-0"><div class="css-f5i5wc"><div class="chakra-linkbox css-vhnn8v"><div data-testid="product-image" class="css-16dr4ly"><img alt="President's Choice Caesar Salad Kit 282 g, $2.12/100g" src="https://assets.shop.loblaws.ca/products/21334801/b1/en/front/21334801_front_a01_@2.png" srcset="https://assets.shop.loblaws.ca/products/21334801/b1/en/front/21334801_front_a01_@2.png 1x, https://assets.shop.loblaws.ca/products/21334801/b1/en/front/21334801_front_a01_@2.png 2x" loading="lazy" class="chakra-image css-oguq8l" aria-hidden="true"></div><div class="css-qoklea"><div class="css-12dchmx"></div><div data-testid="price-product-tile" class="css-8atqhb"><p class="chakra-text css-0"><span class="chakra-text css-pwnbcb" data-testid="regular-price"><span class="css-idkz9h">$5.99</span>$5.99</span></p></div><a href="/caesar-salad-kit/p/21334801_EA?source=nspt" class="chakra-linkbox__overlay css-1hnz6hu"><div class="css-0"><p class="chakra-text css-1ecdp9w" data-testid="product-brand">President's Choice</p><h3 class="chakra-heading css-6qrhwc" id="21334801_EA" data-testid="product-title">Caesar Salad Kit</h3><p class="chakra-text css-1yftjin" data-testid="product-package-size">282 g, $2.12/100g</p></div></a><div class="css-8keand"></div></div><div class="css-1q5omjq"><div class="css-fcebb8"><div data-testid="atc-compact" class="css-y94ivq" style="width: 45px;"><button type="button" class="chakra-button css-mudsm6" data-testid="atc-button"><svg stroke="currentColor" fill="currentColor" stroke-width="0" viewBox="0 0 24 24" focusable="false" class="chakra-icon css-1g3sp7a" data-testid="btn-icon" aria-hidden="true" height="1em" width="1em" xmlns="http://www.w3.org/2000/svg"><path d="M19 13h-6v6h-2v-6H5v-2h6V5h2v6h6v2z"></path></svg><span class="css-idkz9h">Add Caesar Salad Kit to cart</span></button></div></div></div></div></div></li><li tabindex="-1" class="css-0"><div class="css-f5i5wc"><div class="chakra-linkbox css-vhnn8v"><div data-testid="product-image" class="css-16dr4ly"><img alt="President's Choice Chipotle Ranch Chop Salad Kit 340 g, $2.06/100g" src="https://assets.shop.loblaws.ca/products/21378071/b1/en/front/21378071_front_a01_@2.png" srcset="https://assets.shop.loblaws.ca/products/21378071/b1/en/front/21378071_front_a01_@2.png 1x, https://assets.shop.loblaws.ca/products/21378071/b1/en/front/21378071_front_a01_@2.png 2x" loading="lazy" class="chakra-image css-oguq8l" aria-hidden="true"></div><div class="css-qoklea"><div class="css-12dchmx"></div><div data-testid="price-product-tile" class="css-8atqhb"><p class="chakra-text css-0"><span class="chakra-text css-o93gbd" data-testid="sale-price"><span class="css-idkz9h">$6.00 MIN 2</span>$6.00 MIN 2</span></p><p class="chakra-text css-0"><span class="chakra-text css-1wji473" data-testid="non-members-price"><span class="css-idkz9h">$6.99</span>$6.99</span><span class="chakra-text css-esi4gg" data-testid="was-price"><span class="css-idkz9h"></span></span></p></div><a href="/chipotle-ranch-chop-salad-kit/p/21378071_EA?source=nspt" class="chakra-linkbox__overlay css-1hnz6hu"><div class="css-0"><p class="chakra-text css-1ecdp9w" data-testid="product-brand">President's Choice</p><h3 class="chakra-heading css-6qrhwc" id="21378071_EA" data-testid="product-title">Chipotle Ranch Chop Salad Kit</h3><p class="chakra-text css-1yftjin" data-testid="product-package-size">340 g, $2.06/100g</p></div></a><div class="css-8keand"></div></div><div class="css-1q5omjq"><div class="css-fcebb8"><div data-testid="atc-compact" class="css-y94ivq" style="width: 45px;"><button type="button" class="chakra-button css-mudsm6" data-testid="atc-button"><svg stroke="currentColor" fill="currentColor" stroke-width="0" viewBox="0 0 24 24" focusable="false" class="chakra-icon css-1g3sp7a" data-testid="btn-icon" aria-hidden="true" height="1em" width="1em" xmlns="http://www.w3.org/2000/svg"><path d="M19 13h-6v6h-2v-6H5v-2h6V5h2v6h6v2z"></path></svg><span class="css-idkz9h">Add Chipotle Ranch Chop Salad Kit to cart</span></button></div></div></div></div></div></li><li tabindex="-1" class="css-0"><div class="css-f5i5wc"><div class="chakra-linkbox css-vhnn8v"><div data-testid="product-image" class="css-16dr4ly"><img alt="President's Choice Salad Kit Chopped Sesame Wonton  347 g, $2.01/100g" src="https://assets.shop.loblaws.ca/products/21378027/b1/en/front/21378027_front_a01_@2.png" srcset="https://assets.shop.loblaws.ca/products/21378027/b1/en/front/21378027_front_a01_@2.png 1x, https://assets.shop.loblaws.ca/products/21378027/b1/en/front/21378027_front_a01_@2.png 2x" loading="lazy" class="chakra-image css-oguq8l" aria-hidden="true"></div><div class="css-qoklea"><div class="css-12dchmx"></div><div data-testid="price-product-tile" class="css-8atqhb"><p class="chakra-text css-0"><span class="chakra-text css-o93gbd" data-testid="sale-price"><span class="css-idkz9h">$6.00 MIN 2</span>$6.00 MIN 2</span></p><p class="chakra-text css-0"><span class="chakra-text css-1wji473" data-testid="non-members-price"><span class="css-idkz9h">$6.99</span>$6.99</span><span class="chakra-text css-esi4gg" data-testid="was-price"><span class="css-idkz9h"></span></span></p></div><a href="/salad-kit-chopped-sesame-wonton/p/21378027_EA?source=nspt" class="chakra-linkbox__overlay css-1hnz6hu"><div class="css-0"><p class="chakra-text css-1ecdp9w" data-testid="product-brand">President's Choice</p><h3 class="chakra-heading css-6qrhwc" id="21378027_EA" data-testid="product-title">Salad Kit Chopped Sesame Wonton </h3><p class="chakra-text css-1yftjin" data-testid="product-package-size">347 g, $2.01/100g</p></div></a><div class="css-8keand"></div></div><div class="css-1q5omjq"><div class="css-fcebb8"><div data-testid="atc-compact" class="css-y94ivq" style="width: 45px;"><button disabled="" type="button" class="chakra-button css-mudsm6" data-testid="atc-button"><svg stroke="currentColor" fill="currentColor" stroke-width="0" viewBox="0 0 24 24" focusable="false" class="chakra-icon css-1g3sp7a" data-testid="btn-icon" aria-hidden="true" height="1em" width="1em" xmlns="http://www.w3.org/2000/svg"><path d="M19 13h-6v6h-2v-6H5v-2h6V5h2v6h6v2z"></path></svg><span class="css-idkz9h">Add Salad Kit Chopped Sesame Wonton  to cart</span></button></div></div><div class="css-4saf4a"><p class="chakra-text css-py8788" data-testid="inventory-badge-text">Out of Stock</p></div></div></div></div></li><li tabindex="-1" class="css-0"><div class="css-f5i5wc"><div class="chakra-linkbox css-vhnn8v"><div data-testid="product-image" class="css-16dr4ly"><img alt="President's Choice Bacon Caesar Chop Salad Kit 326 g, $2.14/100g" src="https://assets.shop.loblaws.ca/products/21378024/b1/en/front/21378024_front_a01_@2.png" srcset="https://assets.shop.loblaws.ca/products/21378024/b1/en/front/21378024_front_a01_@2.png 1x, https://assets.shop.loblaws.ca/products/21378024/b1/en/front/21378024_front_a01_@2.png 2x" loading="lazy" class="chakra-image css-oguq8l" aria-hidden="true"></div><div class="css-qoklea"><div class="css-12dchmx"></div><div data-testid="price-product-tile" class="css-8atqhb"><p class="chakra-text css-0"><span class="chakra-text css-o93gbd" data-testid="sale-price"><span class="css-idkz9h">$6.00 MIN 2</span>$6.00 MIN 2</span></p><p class="chakra-text css-0"><span class="chakra-text css-1wji473" data-testid="non-members-price"><span class="css-idkz9h">$6.99</span>$6.99</span><span class="chakra-text css-esi4gg" data-testid="was-price"><span class="css-idkz9h"></span></span></p></div><a href="/bacon-caesar-chop-salad-kit/p/21378024_EA?source=nspt" class="chakra-linkbox__overlay css-1hnz6hu"><div class="css-0"><p class="chakra-text css-1ecdp9w" data-testid="product-brand">President's Choice</p><h3 class="chakra-heading css-6qrhwc" id="21378024_EA" data-testid="product-title">Bacon Caesar Chop Salad Kit</h3><p class="chakra-text css-1yftjin" data-testid="product-package-size">326 g, $2.14/100g</p></div></a><div class="css-8keand"></div></div><div class="css-1q5omjq"><div class="css-fcebb8"><div data-testid="atc-compact" class="css-y94ivq" style="width: 45px;"><button type="button" class="chakra-button css-mudsm6" data-testid="atc-button"><svg stroke="currentColor" fill="currentColor" stroke-width="0" viewBox="0 0 24 24" focusable="false" class="chakra-icon css-1g3sp7a" data-testid="btn-icon" aria-hidden="true" height="1em" width="1em" xmlns="http://www.w3.org/2000/svg"><path d="M19 13h-6v6h-2v-6H5v-2h6V5h2v6h6v2z"></path></svg><span class="css-idkz9h">Add Bacon Caesar Chop Salad Kit to cart</span></button></div></div></div></div></div></li></ul></div></div><div id=":r13:" class="css-0"> </div></div><div class="chakra-container css-1yvva6b" data-testid="vertical-feature-cards"><div class="css-147ar3n"><div class="css-2imjyh"></div><div class="css-owofrc"><div class="css-1pzcvyn"><div class="css-1pzcvyn"><h4 class="chakra-heading css-1thmpx" data-testid="heading">Bring More to the Table</h4></div></div></div></div><div class="css-0"><a class="chakra-link css-14qfziv" href="#:r14:">skip a11ySection</a><div data-testid="scroller" class="css-10cksfv"><div class="indiana-scroll-container"><ul data-testid="feature-card-scroller" class="css-1lp5ovw"><li class="css-18f0hmm"><div data-testid="card" class="css-1u3io9a"><div data-testid="card-media" class="css-12n9na5"><div class="chakra-aspect-ratio css-o4977x"><img alt="" src="https://dis-prod.assetful.loblaw.ca/content/dam/loblaw-companies-limited/creative-assets/grocery/2024/market/p3/fresh-meals/vertical-tile/wk9-12_mkt_fresh-meals_tile-carousel_bil.jpg" loading="lazy" class="chakra-image css-o3ihhy" data-testid="feature-card-image"></div></div><div data-testid="card-content" class="css-si7j2x"><div class="css-1eia38w"><div class="css-1dk1fk9"><h3 class="chakra-text css-133hkvi" data-testid="feature-card-title">Shop Prepared Meals </h3><p class="chakra-text css-1ez1pmk" data-testid="feature-card-content">Enjoy our easy, familiar favourites</p></div><div class="css-gmy0so"><a class="chakra-link css-ngsgsm" data-testid="feature-card-cta" href="/collection/fresh-meals?icid=gr_fresh-meals_verticaltile_5_hp">Shop now</a></div></div></div></div></li><li class="css-18f0hmm"><div data-testid="card" class="css-1u3io9a"><div data-testid="card-media" class="css-12n9na5"><div class="chakra-aspect-ratio css-o4977x"><img alt="" src="https://dis-prod.assetful.loblaw.ca/content/dam/loblaw-companies-limited/creative-assets/grocery/2024/market/p8/grilling/vertical-tile/wk29-32_division_tile-carousel_grilling_bil.jpg" loading="lazy" class="chakra-image css-o3ihhy" data-testid="feature-card-image"></div></div><div data-testid="card-content" class="css-si7j2x"><div class="css-1eia38w"><div class="css-1dk1fk9"><h3 class="chakra-text css-133hkvi" data-testid="feature-card-title">Your Perfect Summer BBQ</h3><p class="chakra-text css-1ez1pmk" data-testid="feature-card-content">Everything you need for the ultimate cookout</p></div><div class="css-gmy0so"><a class="chakra-link css-ngsgsm" data-testid="feature-card-cta" href="/collection/grilling?icid=gr_grilling_verticaltile_2_hp">Shop now</a></div></div></div></div></li><li class="css-18f0hmm"><div data-testid="card" class="css-1u3io9a"><div data-testid="card-media" class="css-12n9na5"><div class="chakra-aspect-ratio css-o4977x"><img alt="" src="https://dis-prod.assetful.loblaw.ca/content/dam/loblaw-companies-limited/creative-assets/grocery/2024/market/p5/market/canning/vertical-tile/wk17-20_mkt_tile-carousel_canning_bil.png" loading="lazy" class="chakra-image css-o3ihhy" data-testid="feature-card-image"></div></div><div data-testid="card-content" class="css-si7j2x"><div class="css-1eia38w"><div class="css-1dk1fk9"><h3 class="chakra-text css-133hkvi" data-testid="feature-card-title">It's Canning Season</h3><p class="chakra-text css-1ez1pmk" data-testid="feature-card-content">Get prepared for pickling and preserving perfection</p></div><div class="css-gmy0so"><a class="chakra-link css-ngsgsm" data-testid="feature-card-cta" href="/collection/canning?icid=gr_canning_verticaltile_4_hp">Shop now</a></div></div></div></div></li><li class="css-18f0hmm"><div data-testid="card" class="css-1u3io9a"><div data-testid="card-media" class="css-12n9na5"><div class="chakra-aspect-ratio css-o4977x"><img alt="" src="https://dis-prod.assetful.loblaw.ca/content/dam/loblaw-companies-limited/creative-assets/grocery/2024/market/p8/caribana/vertical-tile/wk29-32_mkt_tile-carousel_caribana_bil.jpg" loading="lazy" class="chakra-image css-o3ihhy" data-testid="feature-card-image"></div></div><div data-testid="card-content" class="css-si7j2x"><div class="css-1eia38w"><div class="css-1dk1fk9"><h3 class="chakra-text css-133hkvi" data-testid="feature-card-title">Celebrate Caribana</h3><p class="chakra-text css-1ez1pmk" data-testid="feature-card-content">Spice up carnival season with Caribbean flavours​</p></div><div class="css-gmy0so"><a class="chakra-link css-ngsgsm" data-testid="feature-card-cta" href="/collection/caribana?icid=gr_caribana_verticaltile_5_hp">Shop Now</a></div></div></div></div></li><li class="css-18f0hmm"><div data-testid="card" class="css-1u3io9a"><div data-testid="card-media" class="css-12n9na5"><div class="chakra-aspect-ratio css-o4977x"><img alt="" src="https://dis-prod.assetful.loblaw.ca/content/dam/loblaw-companies-limited/creative-assets/grocery/2024/market/p8/new-arrivals/vertical-tile/wk29-32_mkt_tile-carousel_campaign_bil.jpg" loading="lazy" class="chakra-image css-o3ihhy" data-testid="feature-card-image"></div></div><div data-testid="card-content" class="css-si7j2x"><div class="css-1eia38w"><div class="css-1dk1fk9"><h3 class="chakra-text css-133hkvi" data-testid="feature-card-title">New And Now</h3><p class="chakra-text css-1ez1pmk" data-testid="feature-card-content">Discover our latest and greatest products</p></div><div class="css-gmy0so"><a class="chakra-link css-ngsgsm" data-testid="feature-card-cta" href="/collection/new-arrivals?icid=gr_grilling_new-arrivals_4_hp">Shop now</a></div></div></div></div></li></ul></div></div><div id=":r14:" class="css-0"> </div></div></div><div class="chakra-container css-1butq7v" data-testid="section"><div class="css-147ar3n"><div class="css-2imjyh"><img alt="" src="https://dis-prod.assetful.loblaw.ca/content/dam/loblaw-companies-limited/creative-assets/grocery/2024/wk9/cs-12750---q1%2724-ao-regional-offers/hp-offer-slice/PCX_integrated-logo-en.png" class="chakra-image css-vv3gvx" data-testid="header-logo"></div><div class="css-owofrc"><div class="css-1pzcvyn"><div class="css-1pzcvyn"><h2 class="chakra-heading css-1thmpx" data-testid="heading">In-store prices for every season. </h2></div></div><a class="chakra-link css-jmtsim" data-testid="header-link" href="/online-grocery-shopping" aria-label="Learn more  In-store prices for every season. ">Learn more </a></div><div class="css-1c6aozh"><p class="chakra-text css-1na1tkp" data-testid="sub-heading">Save time, shop online. We get your grocery faves ready for pickup/delivery in as little as 2 hours at select stores.</p></div></div></div><div class="banner-container css-4jj9gu"><div class="chakra-container banner-wrapper css-362cmi" data-testid="section"><div class="banner-content css-7qoou8"><div class="badges-text-content css-k008qs"><div class="logo-text-content css-k008qs"><h2 class="chakra-text css-1rh9efm" data-testid="banner-title">Unlock $59.97 in value. </h2><span class="chakra-text css-1ww533m" data-testid="banner-body">Get $30 in PC Optimum™ points + 3 months FREE delivery/pickup (valued at $29.97) with your first PC Express order of $100+.*  Use code CA2024 </span></div></div><div class="chakra-stack css-3p39qh"><a class="chakra-link promo-btn css-5vqvfi" data-testid="banner-promo-button-0" href="/online-grocery-shopping">Learn more </a></div></div><div class="banner-media css-1cu7tet"><img alt="" src="https://dis-prod.assetful.loblaw.ca/content/dam/loblaw-companies-limited/creative-assets/grocery/2024/wk9/cs-12750---q1%2724-ao-regional-offers/hp-offer-slice/v2/banner_homepage-growth-slice_pass-q1-offer_b1_bil_v2.gif?imwidth=856" loading="lazy" class="chakra-image css-0" data-testid="banner-image" data-splide-lazy="https://dis-prod.assetful.loblaw.ca/content/dam/loblaw-companies-limited/creative-assets/grocery/2024/wk9/cs-12750---q1%2724-ao-regional-offers/hp-offer-slice/v2/banner_homepage-growth-slice_pass-q1-offer_b1_bil_v2.gif?imwidth=856"></div></div></div><div class="chakra-container css-1yvva6b" data-testid="section"><div class="css-1kch9dj"></div><div class="chakra-accordion css-8atqhb"><div data-testid="accordion-item" class="chakra-accordion__item css-1j8472r"><button type="button" id="accordion-button-:r1b:" aria-expanded="false" aria-controls="accordion-panel-:r1b:" class="chakra-accordion__button css-tf9ti" data-index="0"><div class="css-gc18h7"><h2 class="chakra-heading css-a46ie" data-testid="accordion-title"><p>Terms and Conditions</p></h2></div><svg viewBox="0 0 24 24" focusable="false" class="chakra-icon chakra-accordion__icon css-17nyvs4" aria-hidden="true"><path fill="currentColor" d="M16.59 8.59L12 13.17 7.41 8.59 6 10l6 6 6-6z"></path></svg></button><div class="chakra-collapse" style="overflow: hidden; display: none; opacity: 0; height: 0px;"><div role="region" id="accordion-panel-:r1b:" aria-labelledby="accordion-button-:r1b:" class="chakra-accordion__panel css-1ruudg0"><div class="css-1xhs0hn"><p>*Eligible orders must be placed and completed by September 18, 2024. This Offer only applies to online orders made at&nbsp;atlanticsuperstore.ca, fortinos.ca, independentcitymarket.ca, loblaws.ca, maxi.ca, newfoundlandgrocerystores.ca, nofrills.ca, provigo.ca, realcanadiansuperstore.ca, valumart.ca, yourindependentgrocer.ca or zehrs.ca. &nbsp;You will receive the amount of points qualified for based on the eligible total spend, in a single transaction, of your first online order before applicable taxes and fees and after all other coupons and discounts are deducted. Points will appear in PC Optimum account after groceries have been picked up or delivered, as applicable, and transaction has been completed. We are not obligated to award points based on errors or misprints. No cash value. Offer is available to registered PC Optimum members. Membership is free. To register as a PC Optimum member, see in-store or visit pcoptimum.ca. This Offer does not apply to any products on our banner websites that are sold and shipped by third party vendors. We will also waive the PC express pickup or delivery fees of your first eligible order (both together, the “Offer”). Applicable voucher code must be entered during checkout to redeem. $9.99 per month value is based on the current price of the monthly PC Express™ Pass of $9.99/month plus applicable taxes. PC Express™ Pass is a monthly or annual subscription plan that gives you $0 pickup or delivery on same-day or future PC Express™ online grocery orders of $35 or more for the duration of the plan. See <a href="https://mcas-proxyweb.mcas.ms/certificate-checker?login=false&amp;originalUrl=https%3A%2F%2Fwww.pcexpress.ca.mcas.ms%2Fpass%3FMcasTsid%3D15600&amp;McasCSRF=019e8082853ae70d8d3cf1bf66dc4533f3624d333912222678c6911475627636"><u>https://www.pcexpress.ca/pass</u></a> for additional details. Offer excludes purchase of tobacco, alcohol products, prescriptions, phone cards, gift cards, lottery tickets, and any other products which are provincially regulated or as we determine from time to time. Product availability may vary by store. Offer is one-time only, cannot be combined with any other PC Express promotional offers and excludes previous purchases. We reserve the right to cancel any order due to unauthorized, altered, or ineligible use and to modify or cancel this offer due to system error or unforeseen problems without notice. ®/™ Trademarks of Loblaws Inc.&nbsp;</p><p>&nbsp;</p></div></div></div></div></div></div><span id="__chakra_env" hidden=""></span></div></main></div><div class="site-layout__footer" data-auid="footer"><div class="site-footer-wrapper"><div class="site-footer-wrapper__footer"><footer class="site-footer" id="site-footer" role="contentinfo" aria-label="Footer"><div class="social-links"><a href="http://instagram.com/loblawson" aria-describedby="describe-link-opens-new-tab" target="_blank" rel="noopener noreferrer" class="social-links__link" data-track="footerSocialMediaLink" data-track-link-name="social-media-button-instagram" data-is-external-link="true"><img src="https://assets.shop.loblaws.ca/ContentMedia/lsl/icons/icon-sm-instagram.png" class="social-icon" alt="instagram"></a><a href="http://twitter.com/loblawson" aria-describedby="describe-link-opens-new-tab" target="_blank" rel="noopener noreferrer" class="social-links__link" data-track="footerSocialMediaLink" data-track-link-name="social-media-button-twitter" data-is-external-link="true"><img src="https://assets.shop.loblaws.ca/ContentMedia/lsl/icons/icon-sm-twitter.png" class="social-icon" alt="twitter"></a><a href="https://www.facebook.com/LoblawsON/" aria-describedby="describe-link-opens-new-tab" target="_blank" rel="noopener noreferrer" class="social-links__link" data-track="footerSocialMediaLink" data-track-link-name="social-media-button-facebook" data-is-external-link="true"><img src="https://assets.shop.loblaws.ca/ContentMedia/lsl/icons/icon-sm-facebook.png" class="social-icon" alt="facebook"></a></div><nav aria-label="Footer navigation"><div class="navigation-footer"><div class="navigation-footer__panel navigation-footer__panel--inactive" data-cruller="conditional-content-inactive"><span class="navigation-footer__panel__title navigation-footer__panel__title--text">About PC Express™</span><ul class="navigation-footer__panel__list"><li class="navigation-footer__panel__list__item"><a class="navigation-item navigation-item--navigation-footer" data-auid="click:all-about-pcx:faqs-link" data-track="data-track" data-track-link-name="about-pc-express™:faqs" href="/faq?icta=click:all-about-pcx:faqs">FAQs</a></li><li class="navigation-footer__panel__list__item"><a class="navigation-item navigation-item--navigation-footer" data-auid="click:all-about-pcx:pcx-online-grocery-link" data-track="data-track" data-track-link-name="about-pc-express™:how-it-works" href="/online-grocery-shopping?icta=click:all-about-pcx:pcx-online-grocery">How It Works</a></li><li class="navigation-footer__panel__list__item"><a class="navigation-item navigation-item--navigation-footer" data-auid="click:all-about-pcx:delivery -link" data-track="data-track" data-track-link-name="about-pc-express™:delivery-" href="/pcx-delivery?icta=click:all-about-pcx:delivery">Delivery </a></li><li class="navigation-footer__panel__list__item"><a class="navigation-item navigation-item--navigation-footer" data-auid="click:all-about-pcx:pickup-link" data-track="data-track" data-track-link-name="about-pc-express™:pickup" href="/online-grocery-shopping?icta=click:all-about-pcx:pickup">Pickup</a></li><li class="navigation-footer__panel__list__item"><a class="navigation-item navigation-item--navigation-footer" data-auid="click:all-about-pcx:go-green-link" data-track="data-track" data-track-link-name="about-pc-express™:reusable-box-swap" href="/gogreen?icta=click:all-about-pcx:go-green">Reusable Box Swap</a></li></ul></div><div class="navigation-footer__panel navigation-footer__panel--inactive" data-cruller="conditional-content-inactive"><span class="navigation-footer__panel__title navigation-footer__panel__title--text">Popular Categories</span><ul class="navigation-footer__panel__list"><li class="navigation-footer__panel__list__item"><a class="navigation-item navigation-item--navigation-footer" data-auid="click:shop-popular-categories:weekly-flyer-link" data-track="data-track" data-track-link-name="popular-categories:weekly-flyer" href="/deals/flyer?icta=click:shop-popular-categories:weekly-flyer">Weekly Flyer</a></li><li class="navigation-footer__panel__list__item"><a class="navigation-item navigation-item--navigation-footer" data-auid="click:shop-popular-categories:fruits-vegetables-link" data-track="data-track" data-track-link-name="popular-categories:fruits-&amp;-vegetables" href="/food/fruits-vegetables/c/28000?icta=click:shop-popular-categories:fruits-vegetables">Fruits &amp; Vegetables</a></li><li class="navigation-footer__panel__list__item"><a class="navigation-item navigation-item--navigation-footer" data-auid="click:shop-popular-categories:dairy-eggs-link" data-track="data-track" data-track-link-name="popular-categories:dairy-&amp;-eggs" href="/food/dairy-eggs/c/28003?icta=click:shop-popular-categories:dairy-eggs">Dairy &amp; Eggs</a></li><li class="navigation-footer__panel__list__item"><a class="navigation-item navigation-item--navigation-footer" data-auid="click:shop-popular-categories:pantry-link" data-track="data-track" data-track-link-name="popular-categories:pantry" href="/food/pantry/c/28006?icta=click:shop-popular-categories:pantry">Pantry</a></li><li class="navigation-footer__panel__list__item"><a class="navigation-item navigation-item--navigation-footer" data-auid="click:shop-popular-categories:meat-link" data-track="data-track" data-track-link-name="popular-categories:meat-" href="/meat/c/27998?icta=click:shop-popular-categories:meat">Meat </a></li><li class="navigation-footer__panel__list__item"><a class="navigation-item navigation-item--navigation-footer" data-auid="click:shop-popular-categories:bakery-link" data-track="data-track" data-track-link-name="popular-categories:bakery" href="/food/bakery/c/28002?icta=click:shop-popular-categories:bakery">Bakery</a></li><li class="navigation-footer__panel__list__item"><a class="navigation-item navigation-item--navigation-footer" data-auid="click:shop-popular-categories:joe-fresh-link" data-track="data-track" data-track-link-name="popular-categories:joe-fresh®" href="/joe-fresh/c/56017?icta=click:shop-popular-categories:joe-fresh">Joe Fresh®</a></li></ul></div><div class="navigation-footer__panel navigation-footer__panel--inactive" data-cruller="conditional-content-inactive"><span class="navigation-footer__panel__title navigation-footer__panel__title--text">More Services</span><ul class="navigation-footer__panel__list"><li class="navigation-footer__panel__list__item"><a class="navigation-item navigation-item--navigation-footer" data-auid="click:more-services:pcoi-link" data-track="data-track" data-track-link-name="more-services:pc-optimum-insiders™" href="/loyalty?icta=click:more-services:pcoi">PC Optimum Insiders™</a></li><li class="navigation-footer__panel__list__item"><a href="https://www.giftofchoice.ca/en/" aria-describedby="describe-link-opens-new-tab" target="_blank" rel="noopener noreferrer" class="navigation-item navigation-item--navigation-footer" data-auid="click:more-services:gift-cards-link" data-track="data-track" data-track-link-name="more-services:gift-cards" data-is-external-link="true">Gift Cards</a></li><li class="navigation-footer__panel__list__item"><a class="navigation-item navigation-item--navigation-footer" data-auid="click:more-services:pharmacy-link" data-track="data-track" data-track-link-name="more-services:pharmacy" href="/pharmacy?icta=click:more-services:pharmacy">Pharmacy</a></li><li class="navigation-footer__panel__list__item"><a href="https://www.photolab.ca/en-CA" aria-describedby="describe-link-opens-new-tab" target="_blank" rel="noopener noreferrer" class="navigation-item navigation-item--navigation-footer" data-auid="click:more-services:photo-lab-link" data-track="data-track" data-track-link-name="more-services:photo-lab" data-is-external-link="true">Photo Lab</a></li><li class="navigation-footer__panel__list__item"><a href="https://www.pcfinancial.ca/en/" aria-describedby="describe-link-opens-new-tab" target="_blank" rel="noopener noreferrer" class="navigation-item navigation-item--navigation-footer" data-auid="click:more-services:pcoi-link" data-track="data-track" data-track-link-name="more-services:pc-financial®" data-is-external-link="true">PC Financial®</a></li><li class="navigation-footer__panel__list__item"><a href="https://www.pcmobile.ca/en/" aria-describedby="describe-link-opens-new-tab" target="_blank" rel="noopener noreferrer" class="navigation-item navigation-item--navigation-footer" data-auid="click:mobile-link" data-track="data-track" data-track-link-name="more-services:pc-mobile" data-is-external-link="true">PC Mobile</a></li><li class="navigation-footer__panel__list__item"><a href="/rapid-delivery?icta=click:more-services:rapid" aria-describedby="describe-link-opens-new-tab" target="_blank" rel="noopener noreferrer" class="navigation-item navigation-item--navigation-footer" data-auid="click:more-services:rapid-link" data-track="data-track" data-track-link-name="more-services:rapid-delivery" data-is-external-link="true">Rapid Delivery</a></li><li class="navigation-footer__panel__list__item"><a href="https://www.presidentschoice.ca/recipes" aria-describedby="describe-link-opens-new-tab" target="_blank" rel="noopener noreferrer" class="navigation-item navigation-item--navigation-footer" data-auid="click:more-services:recipes-link" data-track="data-track" data-track-link-name="more-services:recipes" data-is-external-link="true">Recipes</a></li></ul></div><div class="navigation-footer__panel navigation-footer__panel--inactive" data-cruller="conditional-content-inactive"><span class="navigation-footer__panel__title navigation-footer__panel__title--text">Partner with Us</span><ul class="navigation-footer__panel__list"><li class="navigation-footer__panel__list__item"><a href="https://www.loblawadvance.ca/" aria-describedby="describe-link-opens-new-tab" target="_blank" rel="noopener noreferrer" class="navigation-item navigation-item--navigation-footer" data-auid="click:partner-with-us:advertise-with-loblaw-media-link" data-track="data-track" data-track-link-name="partner-with-us:advertise-with-advance-powered-by-loblaw™" data-is-external-link="true">Advertise with Advance powered by Loblaw™</a></li></ul></div><div class="navigation-footer__panel navigation-footer__panel--inactive" data-cruller="conditional-content-inactive"><span class="navigation-footer__panel__title navigation-footer__panel__title--text">About Us</span><ul class="navigation-footer__panel__list"><li class="navigation-footer__panel__list__item"><a class="navigation-item navigation-item--navigation-footer" data-auid="click:about-us:who-we-are-link" data-track="data-track" data-track-link-name="about-us:who-we-are" href="/about?icta=click:about-us:who-we-are">Who We Are</a></li><li class="navigation-footer__panel__list__item"><a href="https://www.pcchildrenscharity.ca/" aria-describedby="describe-link-opens-new-tab" target="_blank" rel="noopener noreferrer" class="navigation-item navigation-item--navigation-footer" data-auid="click:about-us:charity-community-link" data-track="data-track" data-track-link-name="about-us:charity-&amp;-community" data-is-external-link="true">Charity &amp; Community</a></li><li class="navigation-footer__panel__list__item"><a href="https://www.loblaw.ca/en/responsibility" aria-describedby="describe-link-opens-new-tab" target="_blank" rel="noopener noreferrer" class="navigation-item navigation-item--navigation-footer" data-auid="click:about-us:corporate-social-responsibility-link" data-track="data-track" data-track-link-name="about-us:corporate-social-responsibility" data-is-external-link="true">Corporate Social Responsibility</a></li><li class="navigation-footer__panel__list__item"><a href="/our-stores?icta=click:about-us:partner-stores" aria-describedby="describe-link-opens-new-tab" target="_blank" rel="noopener noreferrer" class="navigation-item navigation-item--navigation-footer" data-auid="click:about-us:partner-stores-link" data-track="data-track" data-track-link-name="about-us:partner-stores" data-is-external-link="true">Partner stores</a></li><li class="navigation-footer__panel__list__item"><a class="navigation-item navigation-item--navigation-footer" data-auid="click:about-us:store-locator-link" data-track="data-track" data-track-link-name="about-us:store-locator" href="/store-locator?icta=click:about-us:store-locator">Store Locator</a></li><li class="navigation-footer__panel__list__item"><a class="navigation-item navigation-item--navigation-footer" data-auid="click:about-us:contact-us-link" data-track="data-track" data-track-link-name="about-us:contact-us" href="/contact-us?icta=click:about-us:contact-us">Contact Us</a></li><li class="navigation-footer__panel__list__item"><a href="https://www.loblaw.ca/en/legal/" aria-describedby="describe-link-opens-new-tab" target="_blank" rel="noopener noreferrer" class="navigation-item navigation-item--navigation-footer" data-auid="click:legal-link" data-track="data-track" data-track-link-name="about-us:legal" data-is-external-link="true">Legal</a></li><li class="navigation-footer__panel__list__item"><a href="https://www.loblaw.ca/en/life-at-loblaw" aria-describedby="describe-link-opens-new-tab" target="_blank" rel="noopener noreferrer" class="navigation-item navigation-item--navigation-footer" data-auid="click:about-us:careers-link" data-track="data-track" data-track-link-name="about-us:careers" data-is-external-link="true">Careers</a></li></ul></div></div></nav><div class="content-footer"><ul class="content-footer__list"><li class="content-footer__list__item"><a class="navigation-item navigation-item--content-footer__list__item__link" data-auid="language-toggle-link" href="/">Français</a></li><li class="content-footer__list__item"></li><li class="content-footer__list__item"><a href="https://www.loblaw.ca/en/privacy-policy" aria-describedby="describe-link-opens-new-tab" target="_blank" rel="noopener noreferrer" class="navigation-item navigation-item--content-footer__list__item__link" data-auid="privacy-policy-link" data-is-external-link="true">Privacy Policy</a></li><li class="content-footer__list__item"></li><li class="content-footer__list__item"><a href="/termsofuse?icta=click:legal:terms-of-use" aria-describedby="describe-link-opens-new-tab" target="_blank" rel="noopener noreferrer" class="navigation-item navigation-item--content-footer__list__item__link" data-auid="terms-of-use-link" data-is-external-link="true">Terms of Use*</a></li><li class="content-footer__list__item"></li><li class="content-footer__list__item"></li><li class="content-footer__list__item"></li><li class="content-footer__list__item"><a href="https://www.loblaw.ca/en/accessibility-policy/" aria-describedby="describe-link-opens-new-tab" target="_blank" rel="noopener noreferrer" class="navigation-item navigation-item--content-footer__list__item__link" data-auid="accessibility-link" data-is-external-link="true">Accessibility</a></li><li class="content-footer__list__item"></li><li class="content-footer__list__item"></li></ul><span class="copyright-formality">© Loblaws Inc. All Rights Reserved</span></div></footer></div></div></div><div class="screen-reader-elements"><div id="describe-link-opens-new-tab">Opens in new tab</div></div> <div class="aria-live" role="" aria-atomic="true"></div></div></div>
        <div id="privacy-policy"></div>
        <div class="ad-box" id="test-ad" style="position:fixed;top:0;left:0;" aria-hidden="true"></div>
        
        <script defer="" type="text/javascript" src="https://static.zuora.com/Resources/libs/hosted/1.3.1/zuora-min.js"></script>
        
        <script>
            window['ldBronxCDNPath'] = 'https://assets.loblaws.ca/pcx_bronx_fe_prod/builds/production/3.53.6/8bd42f38/loblaws';
            window['ldBronxAppBundle'] = 'https://assets.loblaws.ca/pcx_bronx_fe_prod/builds/production/3.53.6/8bd42f38/loblaws/loblaws-bundle.js';
        </script>
        <script src="/static/js/pcx_common.js" fetchpriority="high"></script>
        <script async="true" src="https://assets.loblaws.ca/pcx_bronx_fe_prod/builds/production/3.53.6/8bd42f38/loblaws/loblaws-vendor.bundle.js" fetchpriority="high"></script>
    <noscript><img src="https://www.loblaws.ca/akam/13/pixel_1cb8486f?a=dD0yNDczNzkyYzNiYTRjNGFhZjgzMGZjNmMwZjgzMDQ3MGI4M2NhY2MwJmpzPW9mZg==" style="visibility: hidden; position: absolute; left: -999px; top: -999px;" /></noscript><script type="text/javascript" src="/QC2vIKpim/zZ8/4eZ9kg/1maic02r5EwX9iEY/SixucGdeLAQ/WVl/1S0gDG1o"></script>

<div style="display: none; visibility: hidden;">
<script>!function(b,e,f,g,a,c,d){b.fbq||(a=b.fbq=function(){a.callMethod?a.callMethod.apply(a,arguments):a.queue.push(arguments)},b._fbq||(b._fbq=a),a.push=a,a.loaded=!0,a.version="2.0",a.queue=[],c=e.createElement(f),c.async=!0,c.src=g,d=e.getElementsByTagName(f)[0],d.parentNode.insertBefore(c,d))}(window,document,"script","https://connect.facebook.net/en_US/fbevents.js");fbq("init","611159122717147");fbq("init","408759993146884");fbq("track","PageView");</script>
<noscript></noscript>
</div><div id="onetrust-consent-sdk"><div class="onetrust-pc-dark-filter ot-hide ot-fade-in" style="display: none;
                    transition: visibility 0s 400ms, opacity 400ms linear;
                    opacity: 0;visibility: hidden;"></div><div id="onetrust-banner-sdk" class="otFlat bottom vertical-align-content" tabindex="0" role="region" aria-label="We respect your privacy" style="display: none;bottom: 0px;visibility: hidden;
                    opacity: 0;transition: visibility 0s 400ms, opacity 400ms linear;"><div role="dialog" aria-label="We respect your privacy"><div class="ot-sdk-container"><div class="ot-sdk-row"><div id="onetrust-group-container" class="ot-sdk-eight ot-sdk-columns"><div class="banner_logo"></div><div id="onetrust-policy"><h2 id="onetrust-policy-title">We respect your privacy</h2><div id="onetrust-policy-text">We use cookies and other technologies to operate our website(s), improve usability and personalize your experience. To learn more about how we collect and protect your data, visit the <a class="ot-cookie-policy-link" href="https://www.loblaw.ca/en/privacy-policy/" aria-label="Loblaw Privacy Policy, opens in a new tab" rel="noopener" target="_blank">Loblaw Privacy Policy</a></div></div></div><div id="onetrust-button-group-parent" class="ot-sdk-three ot-sdk-columns"><div id="onetrust-button-group">  <button id="onetrust-accept-btn-handler"> Close</button></div></div></div></div><!-- Close Button --><div id="onetrust-close-btn-container"></div><!-- Close Button END--></div></div><div id="onetrust-pc-sdk" class="otPcCenter ot-hide ot-fade-in" lang="en" aria-label="Cookie settings" role="region" style="display: none;
                    transition: visibility 0s 400ms, opacity 400ms linear;
                    opacity: 0;visibility: hidden;"><div role="dialog" aria-modal="true" style="height: 100%;" aria-label="Cookie settings"><!-- Close Button --><div class="ot-pc-header"><!-- Logo Tag --><div class="ot-pc-logo" role="img" aria-label="Company Logo"><img alt="Company Logo" src="https://cdn.cookielaw.org/logos/static/ot_company_logo.png"></div></div><!-- Close Button --><div id="ot-pc-content" class="ot-pc-scrollbar ot-enbl-chr"><div class="ot-optout-signal ot-hide"><div class="ot-optout-icon"><svg xmlns="http://www.w3.org/2000/svg"><path class="ot-floating-button__svg-fill" d="M14.588 0l.445.328c1.807 1.303 3.961 2.533 6.461 3.688 2.015.93 4.576 1.746 7.682 2.446 0 14.178-4.73 24.133-14.19 29.864l-.398.236C4.863 30.87 0 20.837 0 6.462c3.107-.7 5.668-1.516 7.682-2.446 2.709-1.251 5.01-2.59 6.906-4.016zm5.87 13.88a.75.75 0 00-.974.159l-5.475 6.625-3.005-2.997-.077-.067a.75.75 0 00-.983 1.13l4.172 4.16 6.525-7.895.06-.083a.75.75 0 00-.16-.973z" fill="#FFF" fill-rule="evenodd"></path></svg></div><span></span></div><h2 id="ot-pc-title">Cookie settings</h2><div id="ot-pc-desc">Our website(s) use cookies to help us collect and store important information about you and your browsing activity. We use this information to improve usability, maintain security, personalize your experience and for marketing purposes.</div><section class="ot-sdk-row ot-cat-grp"><h3 id="ot-category-title">Manage your settings</h3><div class="ot-accordion-layout ot-cat-item ot-vs-config" data-optanongroupid="C0001"><button aria-expanded="false" ot-accordion="true" aria-controls="ot-desc-id-C0001" aria-labelledby="ot-header-id-C0001 ot-status-id-C0001"></button><!-- Accordion header --><div class="ot-acc-hdr ot-always-active-group"><h4 class="ot-cat-header" id="ot-header-id-C0001">Essential cookie</h4><div id="ot-status-id-C0001" class="ot-always-active">Always active</div><div class="ot-arw-cntr"><svg class="ot-arw" aria-hidden="true" focusable="false" data-prefix="fas" data-icon="caret-right" role="img" xmlns="http://www.w3.org/2000/svg" viewBox="0 0 192 512"><path fill="currentColor" d="M166.9 264.5l-117.8 116c-4.7 4.7-12.3 4.7-17 0l-7.1-7.1c-4.7-4.7-4.7-12.3 0-17L127.3 256 25.1 155.6c-4.7-4.7-4.7-12.3 0-17l7.1-7.1c4.7-4.7 12.3-4.7 17 0l117.8 116c4.6 4.7 4.6 12.3-.1 17z"></path></svg></div></div><!-- accordion detail --><div class="ot-acc-grpcntr ot-acc-txt"><p class="ot-acc-grpdesc ot-category-desc" id="ot-desc-id-C0001">These cookies are required for our website(s) to function and are set to provide the actions you’ve requested such as setting your privacy preferences, filling out forms, or logging in.  </p></div></div><div class="ot-accordion-layout ot-cat-item ot-vs-config" data-optanongroupid="C0002"><button aria-expanded="false" ot-accordion="true" aria-controls="ot-desc-id-C0002" aria-labelledby="ot-header-id-C0002"></button><!-- Accordion header --><div class="ot-acc-hdr"><h4 class="ot-cat-header" id="ot-header-id-C0002">Performance cookies</h4><div class="ot-tgl"><input type="checkbox" name="ot-group-id-C0002" id="ot-group-id-C0002" role="switch" class="category-switch-handler" data-optanongroupid="C0002" checked="" aria-labelledby="ot-header-id-C0002"> <label class="ot-switch" for="ot-group-id-C0002"><span class="ot-switch-nob"></span> <span class="ot-label-txt">Performance cookies</span></label> </div><div class="ot-arw-cntr"><svg class="ot-arw" aria-hidden="true" focusable="false" data-prefix="fas" data-icon="caret-right" role="img" xmlns="http://www.w3.org/2000/svg" viewBox="0 0 192 512"><path fill="currentColor" d="M166.9 264.5l-117.8 116c-4.7 4.7-12.3 4.7-17 0l-7.1-7.1c-4.7-4.7-4.7-12.3 0-17L127.3 256 25.1 155.6c-4.7-4.7-4.7-12.3 0-17l7.1-7.1c4.7-4.7 12.3-4.7 17 0l117.8 116c4.6 4.7 4.6 12.3-.1 17z"></path></svg></div></div><!-- accordion detail --><div class="ot-acc-grpcntr ot-acc-txt"><p class="ot-acc-grpdesc ot-category-desc" id="ot-desc-id-C0002">These cookies allow us to count visits and traffic sources so we can measure performance. They help us understand how users navigate our website(s) and which pages are popular or not so we can improve the experience.  </p></div></div><div class="ot-accordion-layout ot-cat-item ot-vs-config" data-optanongroupid="C0003"><button aria-expanded="false" ot-accordion="true" aria-controls="ot-desc-id-C0003" aria-labelledby="ot-header-id-C0003"></button><!-- Accordion header --><div class="ot-acc-hdr"><h4 class="ot-cat-header" id="ot-header-id-C0003">Functional cookies</h4><div class="ot-tgl"><input type="checkbox" name="ot-group-id-C0003" id="ot-group-id-C0003" role="switch" class="category-switch-handler" data-optanongroupid="C0003" checked="" aria-labelledby="ot-header-id-C0003"> <label class="ot-switch" for="ot-group-id-C0003"><span class="ot-switch-nob"></span> <span class="ot-label-txt">Functional cookies</span></label> </div><div class="ot-arw-cntr"><svg class="ot-arw" aria-hidden="true" focusable="false" data-prefix="fas" data-icon="caret-right" role="img" xmlns="http://www.w3.org/2000/svg" viewBox="0 0 192 512"><path fill="currentColor" d="M166.9 264.5l-117.8 116c-4.7 4.7-12.3 4.7-17 0l-7.1-7.1c-4.7-4.7-4.7-12.3 0-17L127.3 256 25.1 155.6c-4.7-4.7-4.7-12.3 0-17l7.1-7.1c4.7-4.7 12.3-4.7 17 0l117.8 116c4.6 4.7 4.6 12.3-.1 17z"></path></svg></div></div><!-- accordion detail --><div class="ot-acc-grpcntr ot-acc-txt"><p class="ot-acc-grpdesc ot-category-desc" id="ot-desc-id-C0003">These cookies enable us to improve the functionality and personalization of our website(s). They may be set by us or by third party providers whose services we have added to our pages. If you do not allow these cookies, some services may not function properly. </p></div></div><div class="ot-accordion-layout ot-cat-item ot-vs-config" data-optanongroupid="C0004"><button aria-expanded="false" ot-accordion="true" aria-controls="ot-desc-id-C0004" aria-labelledby="ot-header-id-C0004"></button><!-- Accordion header --><div class="ot-acc-hdr"><h4 class="ot-cat-header" id="ot-header-id-C0004">Advertising cookies</h4><div class="ot-tgl"><input type="checkbox" name="ot-group-id-C0004" id="ot-group-id-C0004" role="switch" class="category-switch-handler" data-optanongroupid="C0004" checked="" aria-labelledby="ot-header-id-C0004"> <label class="ot-switch" for="ot-group-id-C0004"><span class="ot-switch-nob"></span> <span class="ot-label-txt">Advertising cookies</span></label> </div><div class="ot-arw-cntr"><svg class="ot-arw" aria-hidden="true" focusable="false" data-prefix="fas" data-icon="caret-right" role="img" xmlns="http://www.w3.org/2000/svg" viewBox="0 0 192 512"><path fill="currentColor" d="M166.9 264.5l-117.8 116c-4.7 4.7-12.3 4.7-17 0l-7.1-7.1c-4.7-4.7-4.7-12.3 0-17L127.3 256 25.1 155.6c-4.7-4.7-4.7-12.3 0-17l7.1-7.1c4.7-4.7 12.3-4.7 17 0l117.8 116c4.6 4.7 4.6 12.3-.1 17z"></path></svg></div></div><!-- accordion detail --><div class="ot-acc-grpcntr ot-acc-txt"><p class="ot-acc-grpdesc ot-category-desc" id="ot-desc-id-C0004">These cookies are set by us and our advertising partners to create profiles regarding your browsing interest and behaviour to customize the ads you see on other websites.  </p></div></div><!-- Groups sections starts --><!-- Group section ends --><!-- Accordion Group section starts --><!-- Accordion Group section ends --></section></div><section id="ot-pc-lst" class="ot-hide ot-hosts-ui ot-pc-scrollbar ot-enbl-chr"><div id="ot-pc-hdr"><div id="ot-lst-title"><button class="ot-link-btn back-btn-handler" aria-label="Back"><svg id="ot-back-arw" xmlns="http://www.w3.org/2000/svg" xmlns:xlink="http://www.w3.org/1999/xlink" x="0px" y="0px" viewBox="0 0 444.531 444.531" xml:space="preserve"><title>Back Button</title><g><path fill="#656565" d="M213.13,222.409L351.88,83.653c7.05-7.043,10.567-15.657,10.567-25.841c0-10.183-3.518-18.793-10.567-25.835
                    l-21.409-21.416C323.432,3.521,314.817,0,304.637,0s-18.791,3.521-25.841,10.561L92.649,196.425
                    c-7.044,7.043-10.566,15.656-10.566,25.841s3.521,18.791,10.566,25.837l186.146,185.864c7.05,7.043,15.66,10.564,25.841,10.564
                    s18.795-3.521,25.834-10.564l21.409-21.412c7.05-7.039,10.567-15.604,10.567-25.697c0-10.085-3.518-18.746-10.567-25.978
                    L213.13,222.409z"></path></g></svg></button><h3>Cookie List</h3></div><div class="ot-lst-subhdr"><div class="ot-search-cntr"><p role="status" class="ot-scrn-rdr"></p><input id="vendor-search-handler" type="text" name="vendor-search-handler" placeholder="Search…" aria-label="Cookie list search"> <svg xmlns="http://www.w3.org/2000/svg" xmlns:xlink="http://www.w3.org/1999/xlink" x="0px" y="0px" viewBox="0 -30 110 110" aria-hidden="true"><title>Search Icon</title><path fill="#2e3644" d="M55.146,51.887L41.588,37.786c3.486-4.144,5.396-9.358,5.396-14.786c0-12.682-10.318-23-23-23s-23,10.318-23,23
            s10.318,23,23,23c4.761,0,9.298-1.436,13.177-4.162l13.661,14.208c0.571,0.593,1.339,0.92,2.162,0.92
            c0.779,0,1.518-0.297,2.079-0.837C56.255,54.982,56.293,53.08,55.146,51.887z M23.984,6c9.374,0,17,7.626,17,17s-7.626,17-17,17
            s-17-7.626-17-17S14.61,6,23.984,6z"></path></svg></div><div class="ot-fltr-cntr"><button id="filter-btn-handler" aria-label="Filter" aria-haspopup="true"><svg role="presentation" aria-hidden="true" xmlns="http://www.w3.org/2000/svg" xmlns:xlink="http://www.w3.org/1999/xlink" x="0px" y="0px" viewBox="0 0 402.577 402.577" xml:space="preserve"><title>Filter Icon</title><g><path fill="#fff" d="M400.858,11.427c-3.241-7.421-8.85-11.132-16.854-11.136H18.564c-7.993,0-13.61,3.715-16.846,11.136
      c-3.234,7.801-1.903,14.467,3.999,19.985l140.757,140.753v138.755c0,4.955,1.809,9.232,5.424,12.854l73.085,73.083
      c3.429,3.614,7.71,5.428,12.851,5.428c2.282,0,4.66-0.479,7.135-1.43c7.426-3.238,11.14-8.851,11.14-16.845V172.166L396.861,31.413
      C402.765,25.895,404.093,19.231,400.858,11.427z"></path></g></svg></button></div><div id="ot-anchor"></div><section id="ot-fltr-modal"><div id="ot-fltr-cnt"><button id="clear-filters-handler">Clear</button><div class="ot-fltr-scrlcnt ot-pc-scrollbar"><div class="ot-fltr-opts"><div class="ot-fltr-opt"><div class="ot-chkbox"><input id="chkbox-id" type="checkbox" class="category-filter-handler"> <label for="chkbox-id"><span class="ot-label-txt">checkbox label</span></label> <span class="ot-label-status">label</span></div></div></div><div class="ot-fltr-btns"><button id="filter-apply-handler">Apply</button> <button id="filter-cancel-handler">Cancel</button></div></div></div></section></div></div><section id="ot-lst-cnt" class="ot-host-cnt ot-pc-scrollbar"><div id="ot-sel-blk"><div class="ot-sel-all"><div class="ot-sel-all-hdr"><span class="ot-consent-hdr">Consent</span> <span class="ot-li-hdr">Leg.Interest</span></div><div class="ot-sel-all-chkbox"><div class="ot-chkbox" id="ot-selall-hostcntr"><input id="select-all-hosts-groups-handler" type="checkbox"> <label for="select-all-hosts-groups-handler"><span class="ot-label-txt">checkbox label</span></label> <span class="ot-label-status">label</span></div><div class="ot-chkbox" id="ot-selall-vencntr"><input id="select-all-vendor-groups-handler" type="checkbox"> <label for="select-all-vendor-groups-handler"><span class="ot-label-txt">checkbox label</span></label> <span class="ot-label-status">label</span></div><div class="ot-chkbox" id="ot-selall-licntr"><input id="select-all-vendor-leg-handler" type="checkbox"> <label for="select-all-vendor-leg-handler"><span class="ot-label-txt">checkbox label</span></label> <span class="ot-label-status">label</span></div></div></div></div><div class="ot-sdk-row"><div class="ot-sdk-column"></div></div></section></section><div class="ot-pc-footer ot-pc-scrollbar"><div class="ot-btn-container"> <button class="save-preference-btn-handler onetrust-close-btn-handler">Confirm settings</button></div><!-- Footer logo --><div class="ot-pc-footer-logo"><a href="https://www.onetrust.com/products/cookie-consent/" target="_blank" rel="noopener noreferrer" aria-label="Powered by OneTrust Opens in a new Tab"><img alt="Powered by Onetrust" src="https://cdn.cookielaw.org/logos/static/powered_by_logo.svg" title="Powered by OneTrust Opens in a new Tab"></a></div></div><!-- Cookie subgroup container --><!-- Vendor list link --><!-- Cookie lost link --><!-- Toggle HTML element --><!-- Checkbox HTML --><!-- plus minus--><!-- Arrow SVG element --><!-- Accordion basic element --><span class="ot-scrn-rdr" aria-atomic="true" aria-live="polite">Your Privacy [`dialog closed`]</span><!-- Vendor Service container and item template --></div><iframe class="ot-text-resize" sandbox="allow-same-origin" title="onetrust-text-resize" style="position: absolute; top: -50000px; width: 100em;" aria-hidden="true"></iframe></div></div><script type="application/javascript" src="https://api.ipify.org?format=jsonp&amp;callback=getIP" async=""></script><div><div class="rc-drawer rc-drawer-right" tabindex="-1"><div tabindex="0" aria-hidden="true" data-sentinel="start" style="width: 0px; height: 0px; overflow: hidden; outline: none; position: absolute;"></div><div class="rc-drawer-content-wrapper" style="width: 378px; display: none;"><div class="rc-drawer-content css-0" aria-modal="true" role="dialog"><div class="css-79elbk"></div></div></div><div tabindex="0" aria-hidden="true" data-sentinel="end" style="width: 0px; height: 0px; overflow: hidden; outline: none; position: absolute;"></div></div></div><div><div class="rc-drawer rc-drawer-right" tabindex="-1"><div tabindex="0" aria-hidden="true" data-sentinel="start" style="width: 0px; height: 0px; overflow: hidden; outline: none; position: absolute;"></div><div class="rc-drawer-content-wrapper" style="width: 378px; display: none;"><div class="rc-drawer-content css-0" aria-modal="true" role="dialog"><div class="css-79elbk"></div></div></div><div tabindex="0" aria-hidden="true" data-sentinel="end" style="width: 0px; height: 0px; overflow: hidden; outline: none; position: absolute;"></div></div></div><div style="display: none; visibility: hidden;">
<script>!function(b,e,f,g,a,c,d){b.fbq||(a=b.fbq=function(){a.callMethod?a.callMethod.apply(a,arguments):a.queue.push(arguments)},b._fbq||(b._fbq=a),a.push=a,a.loaded=!0,a.version="2.0",a.queue=[],c=e.createElement(f),c.async=!0,c.src=g,d=e.getElementsByTagName(f)[0],d.parentNode.insertBefore(c,d))}(window,document,"script","https://connect.facebook.net/en_US/fbevents.js");fbq("init","611159122717147");fbq("init","408759993146884");fbq("track","PageView");</script>
<noscript></noscript>
</div><script type="text/javascript" id="">var triggermail=triggermail||[];triggermail.load=function(a){var b=document.createElement("script");b.type="text/javascript";b.async=!0;b.src="https://api.bluecore.com/triggermail.js/"+a+".js";a=document.getElementsByTagName("script")[0];a.parentNode.insertBefore(b,a)};triggermail.load(google_tag_manager["rm"]["11053470"](11));window.triggermail=triggermail;</script><script type="text/javascript" id="">try{var matcher=RegExp("_spvid_id\\.[a-f0-9]+\x3d([^;]+);?"),match=document.cookie.match(matcher);match&&match[1]&&(window.__spdid=match[1].split(".")[0]);window.aamuuid="undefined";(function(a){var c="10007",d="aam_cm",b=a.createElement("script");b.type="text/javascript";b.async=!0;b.src="https://o2.ecdrsvc.com/?site\x3d"+c+"\x26page\x3d"+d;a=a.getElementsByTagName("script")[0];a.parentNode.insertBefore(b,a)})(document)}catch(a){};</script>

<script type="text/javascript" id="">window.cj||(window.cj={});cj.sitePage={enterpriseId:1564128,pageType:google_tag_manager["rm"]["11053470"](12),userId:google_tag_manager["rm"]["11053470"](13),items:google_tag_manager["rm"]["11053470"](15)};</script>
<script type="text/javascript" id="">(function(b,d,c,a){b="https://www.mczbf.com/tags/238334430579/tag.js";d=document;c="script";a=d.createElement(c);a.src=b;a.type="text/java"+c;a.async=!0;a.id="cjapitag";b=d.getElementsByTagName(c)[0];b.parentNode.insertBefore(a,b)})();</script>

 <script type="text/javascript" id="">!function(d,g,e){d.TiktokAnalyticsObject=e;var a=d[e]=d[e]||[];a.methods="page track identify instances debug on off once ready alias group enableCookie disableCookie".split(" ");a.setAndDefer=function(b,c){b[c]=function(){b.push([c].concat(Array.prototype.slice.call(arguments,0)))}};for(d=0;d<a.methods.length;d++)a.setAndDefer(a,a.methods[d]);a.instance=function(b){b=a._i[b]||[];for(var c=0;c<a.methods.length;c++)a.setAndDefer(b,a.methods[c]);return b};a.load=function(b,c){var f="https://analytics.tiktok.com/i18n/pixel/events.js";
a._i=a._i||{};a._i[b]=[];a._i[b]._u=f;a._t=a._t||{};a._t[b]=+new Date;a._o=a._o||{};a._o[b]=c||{};c=document.createElement("script");c.type="text/javascript";c.async=!0;c.src=f+"?sdkid\x3d"+b+"\x26lib\x3d"+e;b=document.getElementsByTagName("script")[0];b.parentNode.insertBefore(c,b)};a.load("C2EM3DIQV140ORDIO5L0");a.page()}(window,document,"ttq");</script><script type="text/javascript" id="" src="https://resources.digital-cloud.medallia.ca/wdccan/3970/onsite/embed.js"></script><div class="chakra-portal"><ul role="region" aria-live="polite" id="chakra-toast-manager-top" style="position: fixed; z-index: 5500; pointer-events: none; display: flex; flex-direction: column; margin: 0px auto; top: env(safe-area-inset-top, 0px); right: env(safe-area-inset-right, 0px); left: env(safe-area-inset-left, 0px);"></ul><ul role="region" aria-live="polite" id="chakra-toast-manager-top-left" style="position: fixed; z-index: 5500; pointer-events: none; display: flex; flex-direction: column; top: env(safe-area-inset-top, 0px); left: env(safe-area-inset-left, 0px);"></ul><ul role="region" aria-live="polite" id="chakra-toast-manager-top-right" style="position: fixed; z-index: 5500; pointer-events: none; display: flex; flex-direction: column; top: env(safe-area-inset-top, 0px); right: env(safe-area-inset-right, 0px);"></ul><ul role="region" aria-live="polite" id="chakra-toast-manager-bottom-left" style="position: fixed; z-index: 5500; pointer-events: none; display: flex; flex-direction: column; bottom: env(safe-area-inset-bottom, 0px); left: env(safe-area-inset-left, 0px);"></ul><ul role="region" aria-live="polite" id="chakra-toast-manager-bottom" style="position: fixed; z-index: 5500; pointer-events: none; display: flex; flex-direction: column; margin: 0px auto; bottom: env(safe-area-inset-bottom, 0px); right: env(safe-area-inset-right, 0px); left: env(safe-area-inset-left, 0px);"></ul><ul role="region" aria-live="polite" id="chakra-toast-manager-bottom-right" style="position: fixed; z-index: 5500; pointer-events: none; display: flex; flex-direction: column; bottom: env(safe-area-inset-bottom, 0px); right: env(safe-area-inset-right, 0px);"></ul></div><iframe allow="join-ad-interest-group" data-tagging-id="G-B9WFKJZHQ5" data-load-time="1720689484967" height="0" width="0" src="https://td.doubleclick.net/td/ga/rul?tid=G-B9WFKJZHQ5&amp;gacid=1902497865.1720689485&amp;gtm=45je4790v874079997z8811053470za200zb811053470&amp;dma=0&amp;gcd=13l3l3l3l1&amp;npa=0&amp;pscdl=noapi&amp;aip=1&amp;fledge=1&amp;frm=0&amp;z=1089758698" style="display: none; visibility: hidden;"></iframe><div class="chakra-portal"><ul role="region" aria-live="polite" id="chakra-toast-manager-top" style="position: fixed; z-index: 5500; pointer-events: none; display: flex; flex-direction: column; margin: 0px auto; top: env(safe-area-inset-top, 0px); right: env(safe-area-inset-right, 0px); left: env(safe-area-inset-left, 0px);"></ul><ul role="region" aria-live="polite" id="chakra-toast-manager-top-left" style="position: fixed; z-index: 5500; pointer-events: none; display: flex; flex-direction: column; top: env(safe-area-inset-top, 0px); left: env(safe-area-inset-left, 0px);"></ul><ul role="region" aria-live="polite" id="chakra-toast-manager-top-right" style="position: fixed; z-index: 5500; pointer-events: none; display: flex; flex-direction: column; top: env(safe-area-inset-top, 0px); right: env(safe-area-inset-right, 0px);"></ul><ul role="region" aria-live="polite" id="chakra-toast-manager-bottom-left" style="position: fixed; z-index: 5500; pointer-events: none; display: flex; flex-direction: column; bottom: env(safe-area-inset-bottom, 0px); left: env(safe-area-inset-left, 0px);"></ul><ul role="region" aria-live="polite" id="chakra-toast-manager-bottom" style="position: fixed; z-index: 5500; pointer-events: none; display: flex; flex-direction: column; margin: 0px auto; bottom: env(safe-area-inset-bottom, 0px); right: env(safe-area-inset-right, 0px); left: env(safe-area-inset-left, 0px);"></ul><ul role="region" aria-live="polite" id="chakra-toast-manager-bottom-right" style="position: fixed; z-index: 5500; pointer-events: none; display: flex; flex-direction: column; bottom: env(safe-area-inset-bottom, 0px); right: env(safe-area-inset-right, 0px);"></ul></div><img id="liveRampPixel" alt="" height="1" width="1" src="https://idsync.rlcdn.com/711037.gif?partner_uid=b35e7d24-0977-4b11-acb6-62857be1205d" style="display: none;"><div id="slContainer" class="sl-container-desktop"><div class="sl-views-wrapper"><div class="sl-frame-component" style="z-index: 1;"><iframe class="sl-frame"></iframe><div class="sl-item-background-shade"></div></div><div class="sl-frame-component" style="z-index: 2;"><iframe class="sl-frame"></iframe><div class="sl-item-background-shade"></div></div><div class="sl-frame-component" style="z-index: 3;"><iframe class="sl-frame"></iframe><div class="sl-item-background-shade"></div></div></div></div><script type="text/javascript" async="" src="https://resources.digital-cloud.medallia.ca/wdccan/3970/onsite/generic1719239710940.js" charset="UTF-8"></script><script type="text/javascript" id="">window.KAMPYLE_ONSITE_SDK&&"function"===typeof window.KAMPYLE_ONSITE_SDK.updatePageView&&window.KAMPYLE_ONSITE_SDK.updatePageView();</script><iframe sandbox="" style="display: none;"></iframe><style title="MDigital_animationStyle"></style></body><div style="display: none;"></div><iframe id="ce_proto_iframe" title="CrazyEgg Tracking iframe" style="display: none;"></iframe><iframe id="GEuA6RVmzIp4vRCs" style="display: none;"></iframe><div style="display: none;"></div></html>