<html lang="en" data-iceberg-theme="loblaw" data-mobile-menu-state="inactive" data-desktop-menu-state="inactive" data-modal-state="inactive" data-drawer-state="inactive" data-media="d3" data-loading-state="false" data-notice="inactive" data-fulfillment-mode-state="inactive" data-is-touch-enabled="false" data-theme="light" style="color-scheme: light;"><head>
        <meta charset="UTF-8">
        
            <meta name="viewport" content="width=device-width,initial-scale=1">
        
        <title>Loblaws | Online Grocery Shopping : Pickup &amp; Delivery</title>
        <meta name="google-site-verification" content="kpVyoiC6EzHMVv841lc3nhxnOGd8TsAGzTcK7alBaAg">
        
        
            <link rel="preconnect" href="https://data.signalayer.com">
            <link rel="preconnect" href="https://cdn.signalayer.com">
            <link rel="preconnect" href="https://t.signalayer.com">
            <link rel="preconnect" href="https://www.googletagmanager.com">
        
        <link rel="preconnect" href="https://dis-prod.assetful.loblaw.ca">
        <link rel="preconnect" href="https://cdn.contentful.com">
        <link rel="preconnect" href="https://assets.shop.loblaws.ca">
        <link rel="preconnect" href="https://d3rzy2hoo29vi.cloudfront.net">
        <link rel="preconnect" href="https://assets-platform.loblaws.ca">
        
            <link rel="preconnect" href="https://assets.loblaws.ca">
        
        
        <link rel="preload" as="script" href="https://www.loblaws.ca/public/24f747f7371608a072ac65c2c541b29d73075b0f5cc8"><link rel="preload" as="font" crossorigin="crossorigin" type="font/opentype" href="https://assets.loblaws.ca/pcx_bronx_fe_assets/fonts/noir/noirpro-regular.otf" fetchpriority="high">
        <link rel="preload" as="font" crossorigin="crossorigin" type="font/opentype" href="https://assets.loblaws.ca/pcx_bronx_fe_assets/fonts/noir/noirpro-semibold.otf" fetchpriority="high">

        
        <link type="image/x-icon" rel="shortcut icon" href="https://assets.shop.loblaws.ca/ContentMedia/lsl/logos/64x64icon.ico" media="all">
        <link type="image/x-icon" rel="apple-touch-icon" href="https://assets.shop.loblaws.ca/ContentMedia/pvg/icons/pcx_app_icon.jpg">
        <link type="image/x-icon" rel="android-touch-icon" href="https://assets.shop.loblaws.ca/ContentMedia/pvg/icons/pcx_app_icon.jpg">
        <link type="image/x-icon" rel="windows-touch-icon" href="https://assets.shop.loblaws.ca/ContentMedia/pvg/icons/pcx_app_icon.jpg">

        
            
            <script src="https://script.crazyegg.com/pages/versioned/tracking-scripts/556f7559f794c4b7f3fa7753ad882b97.js" type="text/javascript" async=""></script><script src="https://script.crazyegg.com/pages/versioned/trackingpagestate-scripts/dda53996456118190a640875fa0663b1.js" type="text/javascript" async=""></script><script src="https://script.crazyegg.com/pages/versioned/common-scripts/c4a0cee38f34af4997358540c52536c0.js" type="text/javascript" async=""></script><script type="text/javascript" async="" src="https://analytics.tiktok.com/i18n/pixel/static/identify_ce1d8843.js"></script><script type="text/javascript" async="" src="https://analytics.tiktok.com/i18n/pixel/static/main.MTRiM2JhOTViMA.js" data-id="C2EM3DIQV140ORDIO5L0"></script><script type="text/javascript" async="" src="https://analytics.tiktok.com/i18n/pixel/events.js?sdkid=C2EM3DIQV140ORDIO5L0&amp;lib=ttq"></script><script src="https://www.mczbf.com/tags/238334430579/tag.js" type="text/javascript" async="" id="cjapitag"></script><script type="text/javascript" async="" src="https://o2.ecdrsvc.com/?site=10007&amp;page=aam_cm"></script><script type="text/javascript" async="" src="https://api.bluecore.com/triggermail.js/loblaws_cc.js"></script><script type="text/javascript" async="" src="https://script.crazyegg.com/pages/scripts/0072/5611.js"></script><script type="text/javascript" async="" src="https://www.google-analytics.com/analytics.js"></script><script type="text/javascript" async="" src="https://www.googletagmanager.com/gtag/js?id=G-B9WFKJZHQ5&amp;l=dataLayer&amp;cx=c"></script><script src="https://cdn.signalayer.com/static/player.js" type="text/javascript" async=""></script><script async="" src="https://cdn.moengage.com/webpush/moe_webSdk.min.latest.js"></script><script src="https://connect.facebook.net/signals/config/408759993146884?v=2.9.157&amp;r=stable&amp;domain=www.loblaws.ca&amp;hme=446fb981c8c3baeb03730fe3cbd404f7f15f64c693f24c7fe75da498bc2c95d8&amp;ex_m=67%2C113%2C100%2C104%2C58%2C3%2C93%2C66%2C15%2C91%2C84%2C49%2C51%2C160%2C163%2C174%2C170%2C171%2C173%2C28%2C94%2C50%2C73%2C172%2C155%2C158%2C167%2C168%2C175%2C122%2C14%2C48%2C180%2C179%2C124%2C17%2C33%2C38%2C1%2C41%2C62%2C63%2C64%2C68%2C88%2C16%2C13%2C90%2C87%2C86%2C101%2C103%2C37%2C102%2C29%2C25%2C156%2C159%2C131%2C27%2C10%2C11%2C12%2C5%2C6%2C24%2C21%2C22%2C54%2C59%2C61%2C71%2C95%2C26%2C72%2C8%2C7%2C76%2C46%2C20%2C97%2C96%2C98%2C9%2C19%2C18%2C81%2C53%2C79%2C32%2C70%2C0%2C89%2C31%2C78%2C83%2C45%2C44%2C82%2C36%2C4%2C85%2C77%2C42%2C39%2C34%2C80%2C2%2C35%2C60%2C40%2C99%2C43%2C75%2C65%2C105%2C57%2C56%2C30%2C92%2C55%2C52%2C47%2C74%2C69%2C23%2C106%2C186%2C185%2C187%2C192%2C193%2C194%2C190%2C182%2C123%2C126%2C125%2C152%2C181%2C183%2C114%2C128%2C146%2C136%2C140%2C176%2C120%2C218%2C107%2C118%2C219%2C154%2C111%2C134%2C127%2C115" async=""></script><script src="https://connect.facebook.net/signals/config/611159122717147?v=2.9.157&amp;r=stable&amp;domain=www.loblaws.ca&amp;hme=446fb981c8c3baeb03730fe3cbd404f7f15f64c693f24c7fe75da498bc2c95d8&amp;ex_m=67%2C113%2C100%2C104%2C58%2C3%2C93%2C66%2C15%2C91%2C84%2C49%2C51%2C160%2C163%2C174%2C170%2C171%2C173%2C28%2C94%2C50%2C73%2C172%2C155%2C158%2C167%2C168%2C175%2C122%2C14%2C48%2C180%2C179%2C124%2C17%2C33%2C38%2C1%2C41%2C62%2C63%2C64%2C68%2C88%2C16%2C13%2C90%2C87%2C86%2C101%2C103%2C37%2C102%2C29%2C25%2C156%2C159%2C131%2C27%2C10%2C11%2C12%2C5%2C6%2C24%2C21%2C22%2C54%2C59%2C61%2C71%2C95%2C26%2C72%2C8%2C7%2C76%2C46%2C20%2C97%2C96%2C98%2C9%2C19%2C18%2C81%2C53%2C79%2C32%2C70%2C0%2C89%2C31%2C78%2C83%2C45%2C44%2C82%2C36%2C4%2C85%2C77%2C42%2C39%2C34%2C80%2C2%2C35%2C60%2C40%2C99%2C43%2C75%2C65%2C105%2C57%2C56%2C30%2C92%2C55%2C52%2C47%2C74%2C69%2C23%2C106" async=""></script><script async="" src="https://connect.facebook.net/en_US/fbevents.js"></script><script async="" src="https://www.googletagmanager.com/gtm.js?id=GTM-NPWHZ7F"></script><script type="text/javascript" src="https://www.loblaws.ca/public/24f747f7371608a072ac65c2c541b29d73075b0f5cc8"></script><script>
                !function(e,t,a,n,g){e[n]=e[n]||[],e[n].push({"gtm.start":(new Date).getTime(),event:"gtm.js"});var m=t.getElementsByTagName(a)[0],r=t.createElement(a);r.async=!0,r.src="https://www.googletagmanager.com/gtm.js?id=GTM-NPWHZ7F",m.parentNode.insertBefore(r,m)}(window,document,"script","dataLayer");
            </script>
        
        
        
        
        
        

        
        <link type="text/css" rel="stylesheet" href="https://assets.loblaws.ca/pcx_bronx_fe_prod/builds/production/3.52.1/811df570/loblaws/loblaws-bundle.css" fetchpriority="high">

        
        <script async="" src="https://securepubads.g.doubleclick.net/tag/js/gpt.js"></script>
        
        <script async="true" type="text/javascript">
    function detectAdBlock() {
        const googleAdUrl = 'https://pagead2.googlesyndication.com/pagead/js/adsbygoogle.js';
        try {
            fetch(new Request(googleAdUrl)).catch(_ => dataLayer.push({'event':'AdBlocker'}));
        } catch (e) { 
            dataLayer.push({'event':'AdBlocker'}); 
        }
    }
    if (dataLayer) {
        detectAdBlock();
    }
</script>
        <script async="true" type="text/javascript">
    document.cookie = `lastVisited=${+Date.now()}; SameSite=None; Path=/; Secure; Max-Age=1707109200;`;
</script>

       
       
        
            <meta name="apple-itunes-app" content="app-id=1194066746, affiliate-data=ct=smart-app-banner&amp;pt=1384326">
            <meta name="google-play-app" content="app-id=pc.express.grocery.pickup&amp;hl=en_CA">
        
        
        
        
        
        
            <script type="text/javascript">
	// Duration in milliseconds to wait while the Kameleoon application file is loaded
	var kameleoonLoadingTimeout = 1000;

	window.kameleoonQueue = window.kameleoonQueue || [];
	window.kameleoonQueue.push({
		level: "IMMEDIATE",
		command: () => ((localStorage.getItem("sp_domain_userid")) && Kameleoon.API.Visitor.setVisitorCode(localStorage.getItem("sp_domain_userid")))
	});
	kameleoonQueue.push(function() {
		Kameleoon.API.Data.setCustomData("sp_app_id", "pcexpress-web-prod");
		// The following Snowplow custom data is being set within bronx under `client/app/store/kameleoon/kameleoonService.js - line 16-18`
		(localStorage.getItem("sp_domain_userid")) && Kameleoon.API.Data.setCustomData("sp_domain_userid", localStorage.getItem("sp_domain_userid"));
		(localStorage.getItem("sp_domain_sessionid")) && Kameleoon.API.Data.setCustomData("sp_domain_sessionid", localStorage.getItem("sp_domain_sessionid"));
		(localStorage.getItem("sp_custom_context_1")) && Kameleoon.API.Data.setCustomData("sp_custom_context_1", localStorage.getItem("sp_custom_context_1"));

	});
	window.kameleoonStartLoadTime = new Date().getTime();
	if (! document.getElementById("kameleoonLoadingStyleSheet") && ! window.kameleoonDisplayPageTimeOut)
	{
		var kameleoonS = document.getElementsByTagName("script")[0];
		var kameleoonCc = "* { visibility: hidden !important; background-image: none !important; }";
		var kameleoonStn = document.createElement("style");
		kameleoonStn.type = "text/css";
		kameleoonStn.id = "kameleoonLoadingStyleSheet";
		if (kameleoonStn.styleSheet)
		{
			kameleoonStn.styleSheet.cssText = kameleoonCc;
		}
		else
		{
			kameleoonStn.appendChild(document.createTextNode(kameleoonCc));
		}
		kameleoonS.parentNode.insertBefore(kameleoonStn, kameleoonS);
		window.kameleoonDisplayPage = function(fromEngine)
		{
			if (!fromEngine)
			{
				window.kameleoonTimeout = true;
			}
			if (kameleoonStn.parentNode)
			{
				kameleoonStn.parentNode.removeChild(kameleoonStn);
			}
		};
		window.kameleoonDisplayPageTimeOut = window.setTimeout(window.kameleoonDisplayPage, kameleoonLoadingTimeout);
	}
</script>
<script type="text/javascript" src="//0u99zf5tcp.kameleoon.eu/kameleoon.js" fetchpriority="high" async="true"></script>
        
        
            

        
        
        <script>
            /* App Engine Check */
            window['ldBronxAppEngine'] = true;
            /* The cumulative app settings */
            window['ldBronxAppSettings'] = {
                appData: {"slug":"site-settings-loblaw","seoTitle":"Loblaws Supermarket | Grocery shop online or instore","appBuild":"production","appVersion":"3.52.1+811df570","assetUrlPrefix":"https://d3rzy2hoo29vi.cloudfront.net/builds","gcpAssetUrlPrefix":"https://assets.loblaws.ca/pcx_bronx_fe_prod/builds","useGcpAssetUrl":true,"staticAssetPath":"https://assets.shop.loblaws.ca/ContentMedia","heartbeatPollFrequency":30,"appVersionPollFrequency":300,"adobeTargetAssetPath":"https://d3rzy2hoo29vi.cloudfront.net/assets/js/at_v1.js","isAdobeTargetEnabled":false,"isAdobeAnalyticsEnabled":false,"isCookieComplianceEnabled":true,"isKameleoonEnabled":true,"adobeAnalyticsAssetPath":"https://assets.adobedtm.com/ec12e179889c41354087f1ac19e02839d7c19f0e/satelliteLib-105d18abadb6163816bb52f11c640058778e502a.js","isMarketplaceEnabled":false,"regions":[],"faviconUrl":"https://assets.shop.loblaws.ca/ContentMedia/lsl/logos/64x64icon.ico","googleSiteVerificationCode":"kpVyoiC6EzHMVv841lc3nhxnOGd8TsAGzTcK7alBaAg","defaultStoreId":"1032","featureFlags":[{"id":"PCXStampCards","key":"bronxFeatureFlagPCXStampCards","status":false},{"id":"FulfillmentAutomatedRefundPhotoUpload","key":"bronxFeatureFlagFulfillmentAutomatedRefundPhotoUpload","status":true},{"id":"FulfillmentAutomatedRefund","key":"bronxFeatureFlagFulfillmentAutomatedRefund","status":true},{"id":"ShowPCORedemption","key":"bronxFeatureFlagShowPCORedemption","status":true},{"id":"ShowPCORedemptionOnlyInPilotStores","key":"bronxFeatureFlagShowPCORedemptionOnlyInPilotStores","status":true},{"id":"HideHomepageContentfulEntries","key":"bronxFeatureFlagHideHomepageContentfulEntries","status":true},{"id":"EnableHeliosFlyerItems","key":"bronxFeatureFlagEnableHeliosFlyerItems","status":true},{"id":"PastOrderDashboardOneClickATC","key":"bronxFeatureFlagPastOrderDashboardOneClickATC","status":false},{"id":"PCXPassCancellationSurvey","key":"bronxFeatureFlagPCXPassCancellationSurvey","status":true},{"id":"EnableCartCheckoutAccountBFFMigration","key":"bronxFeatureFlagEnableCartCheckoutAccountBFFMigration","status":true},{"id":"EnableCollectionsRichgrid","key":"bronxFeatureFlagEnableCollectionsRichgrid","status":true},{"id":"EnableV2CartService","key":"bronxFeatureFlagEnableV2CartService","status":false},{"id":"DigitalFlyerSubscriptions","key":"bronxFeatureFlagDigitalFlyerSubscriptions","status":true},{"id":"AllDealsAndFlyerForecastAd","key":"bronxFeatureFlagAllDealsAndFlyerForecastAd","status":true},{"id":"FlippFlyerV2","key":"bronxFeatureFlagFlippFlyerV2","status":true},{"id":"ShowFlyerRedesignV2","key":"bronxFeatureFlagShowFlyerRedesignV2","status":true},{"id":"EnableBffApi","key":"bronxFeatureFlagEnableBffApi","status":true},{"id":"EnableIcebergFulfillmentToast","key":"bronxFeatureFlagEnableIcebergFulfillmentToast","status":true},{"id":"EnableIcebergTopBar","key":"bronxFeatureFlagEnableIcebergTopBar","status":true},{"id":"EnableHeliosHomepage","key":"bronxFeatureFlagEnableHeliosHomepage","status":true},{"id":"EnableHitOftheMonth","key":"bronxFeatureFlagEnableHitOftheMonth","status":false},{"id":"EnableSEOSearchRelatedAndCanonicalTerms","key":"bronxFeatureFlagEnableSEOSearchRelatedAndCanonicalTerms","status":true},{"id":"NBRecyclingFee","key":"bronxFeatureFlagNBRecyclingFee","status":false},{"id":"featureFlagFaasFpsIos","key":"bronxFeatureFlagFaasFpsIos","status":true},{"id":"EnableHeliosHeroCarousel","key":"bronxFeatureFlagEnableHeliosHeroCarousel","status":true},{"id":"PCXValueCentre","key":"bronxFeatureFlagPCXValueCentre","status":false},{"id":"settingsFeatureFlagFaasFmsIos","key":"bronxFeatureFlagFaasFmsIos","status":true},{"id":"PCXValueCentreShowPCOPoints","key":"bronxFeatureFlagPCXValueCentreShowPCOPoints","status":false},{"id":"settingsFeatureFlagFaasFpsAndroidProd","key":"bronxFeatureFlagFaasFpsAndroidProd","status":true},{"id":"PCXValueCentreShopDealsLinks","key":"bronxFeatureFlagPCXValueCentreShopDealsLinks","status":false},{"id":"PDPForecastAd","key":"bronxFeatureFlagPDPForecastAd","status":false},{"id":"EnableHolidayInsidersCarousel","key":"bronxFeatureFlagEnableHolidayInsidersCarousel","status":true},{"id":"settingsFeatureFlagFaasFpsAndroid","key":"bronxFeatureFlagFaasFpsAndroid","status":false},{"id":"EnableHeliosCollectionsv2","key":"bronxFeatureFlagEnableHeliosCollectionsv2","status":true},{"id":"OrderDashboard","key":"bronxFeatureFlagOrderDashboard","status":true},{"id":"isV4TimeslotApiEnabled","key":"bronxFeatureFlagIsV4TimeslotApiEnabled","status":true},{"id":"MembersOnlyPricing","key":"bronxFeatureFlagMembersOnlyPricing","status":true},{"id":"HideFaaSToolTip","key":"bronxFeatureFlagHideFaaSToolTip","status":false},{"id":"ShowPCORedemptionPilotStorePhaseOne","key":"bronxFeatureFlagShowPCORedemptionPilotStorePhaseOne","status":true},{"id":"AdaSupportChatBot","key":"bronxFeatureFlagAdaSupportChatBot","status":true},{"id":"mediaFeatureFlagFirebaseEventsLogs","key":"bronxFeatureFlagFirebaseEventsLogs","status":false},{"id":"MealPlannerChat","key":"bronxFeatureFlagMealPlannerChat","status":false},{"id":"SearchPromoTileGAMAd2","key":"bronxFeatureFlagSearchPromoTileGAMAd2","status":true},{"id":"SearchPromoTileGAMAd1","key":"bronxFeatureFlagSearchPromoTileGAMAd1","status":true},{"id":"EnableTippingFees","key":"bronxFeatureFlagEnableTippingFees","status":false},{"id":"EnableRapidMode","key":"bronxFeatureFlagEnableRapidMode","status":true},{"id":"EnableBrowseMigrationCookieB","key":"bronxFeatureFlagEnableBrowseMigrationCookieB","status":true},{"id":"PCXPassResubscribe","key":"bronxFeatureFlagPCXPassResubscribe","status":true},{"id":"ShippingOptions","key":"bronxFeatureFlagShippingOptions","status":false},{"id":"PassVelvet","key":"bronxFeatureFlagPassVelvet","status":false},{"id":"SignaLayer","key":"bronxFeatureFlagSignaLayer","status":true},{"id":"MoEngage","key":"bronxFeatureFlagMoEngage","status":true},{"id":"FulfillmentMethodAgnostic","key":"bronxFeatureFlagFulfillmentMethodAgnostic","status":false},{"id":"PCXPassUpgradePlan","key":"bronxFeatureFlagPCXPassUpgradePlan","status":true},{"id":"HideFaaSDelivery","key":"bronxFeatureFlagHideFaaSDelivery","status":false},{"id":"AsyncSubsManagmentWeb","key":"bronxFeatureFlagAsyncSubsManagmentWeb","status":false},{"id":"AddressAutocompleteCheckout","key":"bronxFeatureFlagAddressAutocompleteCheckout","status":true},{"id":"DeliveryTipping","key":"bronxFeatureFlagDeliveryTipping","status":true},{"id":"ShopJoeFreshOnGrocery","key":"bronxFeatureFlagShopJoeFreshOnGrocery","status":true},{"id":"PDPGAMAdUnitEnabled","key":"bronxFeatureFlagPDPGAMAdUnitEnabled","status":true},{"id":"RapidOrderTracking","key":"bronxFeatureFlagOrderTracking","status":true},{"id":"UseSEOStoreID","key":"bronxFeatureFlagUseSEOStoreID","status":true},{"id":"DisplayFloatingCheckoutButton","key":"bronxFeatureFlagDisplayFloatingCheckoutButton","status":false},{"id":"EnableHeliosSRP","key":"bronxFeatureFlagEnableHeliosSRP","status":false},{"id":"EnableHeliosClpPlp","key":"bronxFeatureFlagEnableHeliosClpPlp","status":true},{"id":"Marketplace","key":"bronxFeatureFlagMarketplace","status":false},{"id":"MarketplaceOnlyMode","key":"bronxFeatureFlagMarketplaceOnlyMode","status":false},{"id":"FulfillmentAsAService","key":"bronxFeatureFlagFulfillmentAsAService","status":true},{"id":"IsPcxPassAdUnitContentful","key":"bronxFeatureFlagIsPcxPassAdUnitContentful","status":true},{"id":"EnableHeliosMarketplaceClpPlp","key":"bronxFeatureFlagEnableHeliosMarketplaceClpPlp","status":false},{"id":"NoTaxEvent","key":"bronxFeatureFlagNoTaxEvent","status":true},{"id":"PingPEServices","key":"bronxFeatureFlagPingPEServices","status":false},{"id":"GoGreenPackagingV2","key":"bronxFeatureFlagGoGreenPackagingV2","status":true},{"id":"PcExpressPass","key":"bronxFeatureFlagPcExpressPass","status":true},{"id":"ShowRapidPromotionTile","key":"bronxFeatureFlagShowRapidPromotionTile","status":false},{"id":"Talkable","key":"bronxFeatureFlagTalkable","status":false},{"id":"HideOOSProducts","key":"bronxFeatureFlagHideOOSProducts","status":false},{"id":"AlternativeFulfillment","key":"bronxFeatureFlagAlternativeFulfillment","status":false},{"id":"EnableLeaderboardSearchResultGrid","key":"bronxFeatureFlagEnableLeaderboardSearchResultGrid","status":true},{"id":"SnowplowAnalytics","key":"bronxFeatureFlagSnowplowAnalytics","status":false},{"id":"SnowplowAnalyticsPhaseOne","key":"bronxFeatureFlagSnowplowAnalyticsPhaseOne","status":false},{"id":"SnowplowAnalyticsPhaseTwo","key":"bronxFeatureFlagSnowplowAnalyticsPhaseTwo","status":true},{"id":"EnableHeliosSnowplow","key":"bronxFeatureFlagEnableHeliosSnowplow","status":true},{"id":"EnableFacadeSpPersonalization","key":"bronxFeatureFlagEnableFacadeSpPersonalization","status":true},{"id":"MPProductTileTag","key":"bronxFeatureFlagMPProductTileTag","status":true},{"id":"QuantifyCustomerDemand","key":"bronxFeatureFlagQuantifyCustomerDemand","status":true},{"id":"EnableSinglePageCheckout","key":"bronxFeatureFlagEnableSinglePageCheckout","status":false},{"id":"SearchPromoTileHybrisDisable","key":"bronxFeatureFlagSearchPromoTileHybrisDisable","status":true},{"id":"EnableHelios","key":"bronxFeatureFlagEnableHelios","status":true},{"id":"EnableDietaryCallOutFilter","key":"bronxFeatureFlagEnableDietaryCallOutFilter","status":true},{"id":"WayfindingQuickFilters","key":"bronxFeatureFlagWayfindingQuickFilters","status":true},{"id":"FlyerGAMAdUnit","key":"bronxFeatureFlagFlyerGAMAdUnit","status":true},{"id":"AllDealsAndFlyerItemGAMAdUnit","key":"bronxFeatureFlagAllDealsAndFlyerItemGAMAdUnit","status":true},{"id":"SponsoredSearchCarousel","key":"bronxFeatureFlagSponsoredSearchCarousel","status":true},{"id":"QFTopBrandsChip","key":"bronxFeatureFlagQFTopBrandsChip","status":false},{"id":"QFExclusiveBrandsChip","key":"bronxFeatureFlagQFExclusiveBrandsChip","status":false},{"id":"QFFavouriteBrandsChip","key":"bronxFeatureFlagQFFavouriteBrandsChip","status":false},{"id":"AutoLocalizeWithAkamai","key":"bronxFeatureFlagAutoLocalizeWithAkamai","status":true},{"id":"AutoLocalizeWithMaxMind","key":"bronxFeatureFlagAutoLocalizeWithMaxMind","status":false},{"id":"MiniAppCheckout","key":"bronxFeatureFlagMiniAppCheckout","status":true},{"id":"EnableWholeSaleClubPCOExperience","key":"bronxFeatureFlagEnableWholeSaleClubPCOExperience","status":false},{"id":"NewfoundlandSugarSweetenedBeverageTax","key":"bronxFeatureFlagNewfoundlandSugarSweetenedBeverageTax","status":false},{"id":"LiveCartAislesOrganization","key":"bronxFeatureFlagLiveCartAislesOrganization","status":true},{"id":"DiscountGoGreen","key":"bronxFeatureFlagDiscountGoGreen","status":false},{"id":"BifrostInventoryCheck","key":"bronxFeatureFlagBifrostInventoryCheck","status":false},{"id":"SponsoredCLPCarousel","key":"bronxFeatureFlagSponsoredCLPCarousel","status":true},{"id":"SponsoredCartReviewCarousel","key":"bronxFeatureFlagSponsoredCartReviewCarousel","status":true},{"id":"OutOfStock","key":"bronxFeatureFlagOutOfStock","status":true},{"id":"HideRapidServiceFeeOnCartReviewPage","key":"bronxFeatureFlagHideRapidServiceFeeOnCartReviewPage","status":false},{"id":"CustomerSelectedSubsInCart","key":"bronxFeatureFlagCustomerSelectedSubsInCart","status":true},{"id":"EnableBannerWideCSSubs","key":"bronxFeatureFlagEnableBannerWideCSSubs","status":true},{"id":"CustomerSelectedSubsPreCheckout","key":"bronxFeatureFlagCustomerSelectedSubsPreCheckout","status":true},{"id":"PCXAccountDeletion","key":"bronxFeatureFlagPCXAccountDeletion","status":true},{"id":"AutoLocalization","key":"bronxFeatureFlagAutoLocalization","status":true},{"id":"ShowTypeAheadTopSearchesForMPMode","key":"bronxFeatureFlagShowTypeAheadTopSearchesForMPMode","status":true},{"id":"RecentlyViewedProducts","key":"bronxFeatureFlagRecentlyViewedProducts","status":true},{"id":"Delivery","key":"bronxFeatureFlagDelivery","status":false},{"id":"OptimizedProductImages","key":"bronxFeatureFlagOptimizedProductImages","status":true},{"id":"EnableHomepageSponsoredCarousel","key":"bronxFeatureFlagEnableHomepageSponsoredCarousel","status":false},{"id":"AddMoreItemsCTA","key":"bronxFeatureFlagAddMoreItemsCTA","status":true},{"id":"EnableTypeaheadContentfulLink","key":"bronxFeatureFlagEnableTypeaheadContentfulLink","status":true},{"id":"PCOPdpEnrolmentTileForMassOffer","key":"bronxFeatureFlagPCOPdpEnrolmentTileForMassOffer","status":true},{"id":"PCOPdpEnrolment","key":"bronxFeatureFlagPCOPdpEnrolment","status":true},{"id":"enableProductDetailsField","key":"bronxFeatureFlagEnableProductDetailsField","status":false},{"id":"WeightedItemsQuantityFormatting","key":"bronxFeatureFlagWeightedItemsQuantityFormatting","status":true},{"id":"CartOrganizationHideAislesInFrench","key":"bronxFeatureFlagCartOrganizationHideAislesInFrench","status":false},{"id":"CartOrganizationExperimentA","key":"bronxFeatureFlagCartOrganizationExperimentA","status":false},{"id":"CartOrganizationExperimentB","key":"bronxFeatureFlagCartOrganizationExperimentB","status":false},{"id":"FlyerModalDrawerQuickview","key":"bronxFeatureFlagFlyerModalDrawerQuickview","status":true},{"id":"PCOCheckoutEnrolment","key":"bronxFeatureFlagPCOCheckoutEnrolment","status":true},{"id":"OrderDashboardRedirectAfterOrderComplete","key":"bronxFeatureFlagOrderDashboardRedirectAfterOrderComplete","status":true},{"id":"ServerSideNavigationRestCall","key":"bronxFeatureFlagServerSideNavigationRestCall","status":true},{"id":"EnableLeaderboardSearchResultTop","key":"bronxFeatureFlagEnableLeaderboardSearchResultTop","status":true},{"id":"IncludeAlcoholTaxMsg","key":"bronxFeatureFlagIncludeAlcoholTaxMsg","status":true},{"id":"ExpSeperateFoodNonFoodNav","key":"bronxFeatureFlagExpSeperateFoodNonFoodNav","status":false},{"id":"HeroV2SwitchFulfillmentMode","key":"bronxFeatureFlagHeroV2SwitchFulfillmentMode","status":true},{"id":"HomePageHeroV2","key":"bronxFeatureFlagHomePageHeroV2","status":true},{"id":"QuickViewPcoOffer","key":"bronxFeatureFlagQuickViewPcoOffer","status":true},{"id":"ShowThirtyMinTimeSlot","key":"bronxFeatureFlagShowThirtyMinTimeSlot","status":true},{"id":"FlyerVideoPlayer","key":"bronxFeatureFlagFlyerVideoPlayer","status":true},{"id":"ExpHolidayShopNavStyling","key":"bronxFeatureFlagExpHolidayShopNavStyling","status":false},{"id":"ExpExpandedFoodNav","key":"bronxFeatureFlagExpExpandedFoodNav","status":false},{"id":"ExpJoeFreshNavStyling","key":"bronxFeatureFlagExpJoeFreshNavStyling","status":false},{"id":"OneSearch","key":"bronxFeatureFlagOneSearch","status":true},{"id":"UnlocalizedCartAddition","key":"bronxFeatureFlagUnlocalizedCartAddition","status":true},{"id":"AutoLocalizationNonShoppable","key":"bronxFeatureFlagAutoLocalizationNonShoppable","status":true},{"id":"MultiItemFlyerQuickview","key":"bronxFeatureFlagMultiItemFlyerQuickview","status":true},{"id":"V4ProductFacadeForPDP","key":"bronxFeatureFlagV4ProductFacadeForPDP","status":false},{"id":"ShouldIncludeGTMScript","key":"bronxFeatureFlagShouldIncludeGTMScript","status":true},{"id":"TestFeatureFlagOverride","key":"bronxFeatureFlagTestFeatureFlagOverride","status":true},{"id":"DidYouMeanSearch","key":"bronxFeatureFlagDidYouMeanSearch","status":true},{"id":"AutoLocalizationWellnessPages","key":"bronxFeatureFlagAutoLocalizationWellnessPages","status":true},{"id":"FlyerNavigationContentful","key":"bronxFeatureFlagFlyerNavigationContentful","status":true},{"id":"AutoLocalizationDependencyPages","key":"bronxFeatureFlagAutoLocalizationDependencyPages","status":true},{"id":"HideExpeditedShippingOption","key":"bronxFeatureFlagHideExpeditedShippingOption","status":false},{"id":"PS5ConsoleDirectLink","key":"bronxFeatureFlagPS5ConsoleDirectLink","status":false},{"id":"ShowTypeAheadYourSearches","key":"bronxFeatureFlagShowTypeAheadYourSearches","status":true},{"id":"ShowTypeAheadTopSearches","key":"bronxFeatureFlagShowTypeAheadTopSearches","status":true},{"id":"LowInventory","key":"bronxFeatureFlagLowInventory","status":true},{"id":"ExpPCOInNavFlyers","key":"bronxFeatureFlagExpPCOInNavFlyers","status":false},{"id":"ExpPCOInNavMyshop","key":"bronxFeatureFlagExpPCOInNavMyshop","status":false},{"id":"V3ProductFacadeFlyerSearch","key":"bronxFeatureFlagV3ProductFacadeFlyerSearch","status":true},{"id":"WellnessNaturalFoods","key":"bronxFeatureFlagWellnessNaturalFoods","status":false},{"id":"WellnessMedicalClinics","key":"bronxFeatureFlagWellnessMedicalClinics","status":false},{"id":"WellnessDietitians","key":"bronxFeatureFlagWellnessDietitians","status":true},{"id":"WellnessOptical","key":"bronxFeatureFlagWellnessOptical","status":true},{"id":"WellnessGuidingStars","key":"bronxFeatureFlagWellnessGuidingStars","status":true},{"id":"WellnessPharmacy","key":"bronxFeatureFlagWellnessPharmacy","status":false},{"id":"SomeRandomTestFeatureFlag","key":"bronxFeatureFlagSomeRandomTestFeatureFlag","status":false},{"id":"CIAM","key":"bronxFeatureFlagCIAM","status":true},{"id":"Contentful","key":"bronxFeatureFlagContentful","status":true},{"id":"AdobeTarget","key":"bronxFeatureFlagAdobeTarget","status":true},{"id":"FontNoir","key":"bronxFeatureFlagFontNoir","status":true},{"id":"AdobeAnalytics","key":"bronxFeatureFlagAdobeAnalytics","status":true},{"id":"Instacart","key":"bronxFeatureFlagInstacart","status":true}],"cookieComplianceDomainScript":null,"kameleoonSiteCode":"0u99zf5tcp"},
                bannerData: {"banner":"loblaws","hostname":"loblaws","site":"loblaw","appSettingsBanner":"loblaw","locale":"en"},
                spaData: {"cdnPath":"https://assets.loblaws.ca/pcx_bronx_fe_prod/builds/production/3.52.1/811df570/loblaws","folder":"loblaws","vendorJSPath":"https://assets.loblaws.ca/pcx_bronx_fe_prod/builds/production/3.52.1/811df570/loblaws/loblaws-vendor.bundle.js","bundleJSPath":"https://assets.loblaws.ca/pcx_bronx_fe_prod/builds/production/3.52.1/811df570/loblaws/loblaws-bundle.js","bundleCSSPath":"https://assets.loblaws.ca/pcx_bronx_fe_prod/builds/production/3.52.1/811df570/loblaws/loblaws-bundle.css"},
            };
            /* The cached endpoints */
            window['ldBronxCachedEndpoints'] = null;
        </script>
    <script>bazadebezolkohpepadr="1258736755"</script><script type="text/javascript" src="https://www.loblaws.ca/akam/13/4b06cd80" defer=""></script><link rel="stylesheet" type="text/css" href="https://assets.loblaws.ca/pcx_bronx_fe_prod/builds/production/3.52.1/811df570/loblaws/commonUIComponents-fef459bd_app.bundle.css"><link rel="stylesheet" type="text/css" href="https://assets.loblaws.ca/pcx_bronx_fe_prod/builds/production/3.52.1/811df570/loblaws/commonProduct-9b3cd547_app.bundle.css"><link rel="stylesheet" type="text/css" href="https://assets.loblaws.ca/pcx_bronx_fe_prod/builds/production/3.52.1/811df570/loblaws/commonProduct-dee3f71c_app.bundle.css"><link rel="stylesheet" type="text/css" href="https://assets.loblaws.ca/pcx_bronx_fe_prod/builds/production/3.52.1/811df570/loblaws/7573_app.bundle.css"><meta http-equiv="origin-trial" content="AlK2UR5SkAlj8jjdEc9p3F3xuFYlF6LYjAML3EOqw1g26eCwWPjdmecULvBH5MVPoqKYrOfPhYVL71xAXI1IBQoAAAB8eyJvcmlnaW4iOiJodHRwczovL2RvdWJsZWNsaWNrLm5ldDo0NDMiLCJmZWF0dXJlIjoiV2ViVmlld1hSZXF1ZXN0ZWRXaXRoRGVwcmVjYXRpb24iLCJleHBpcnkiOjE3NTgwNjcxOTksImlzU3ViZG9tYWluIjp0cnVlfQ=="><meta http-equiv="origin-trial" content="Amm8/NmvvQfhwCib6I7ZsmUxiSCfOxWxHayJwyU1r3gRIItzr7bNQid6O8ZYaE1GSQTa69WwhPC9flq/oYkRBwsAAACCeyJvcmlnaW4iOiJodHRwczovL2dvb2dsZXN5bmRpY2F0aW9uLmNvbTo0NDMiLCJmZWF0dXJlIjoiV2ViVmlld1hSZXF1ZXN0ZWRXaXRoRGVwcmVjYXRpb24iLCJleHBpcnkiOjE3NTgwNjcxOTksImlzU3ViZG9tYWluIjp0cnVlfQ=="><meta http-equiv="origin-trial" content="A/ERL66fN363FkXxgDc6F1+ucRUkAhjEca9W3la6xaLnD2Y1lABsqmdaJmPNaUKPKVBRpyMKEhXYl7rSvrQw+AkAAACNeyJvcmlnaW4iOiJodHRwczovL2RvdWJsZWNsaWNrLm5ldDo0NDMiLCJmZWF0dXJlIjoiRmxlZGdlQmlkZGluZ0FuZEF1Y3Rpb25TZXJ2ZXIiLCJleHBpcnkiOjE3MTkzNTk5OTksImlzU3ViZG9tYWluIjp0cnVlLCJpc1RoaXJkUGFydHkiOnRydWV9"><meta http-equiv="origin-trial" content="A6OdGH3fVf4eKRDbXb4thXA4InNqDJDRhZ8U533U/roYjp4Yau0T3YSuc63vmAs/8ga1cD0E3A7LEq6AXk1uXgsAAACTeyJvcmlnaW4iOiJodHRwczovL2dvb2dsZXN5bmRpY2F0aW9uLmNvbTo0NDMiLCJmZWF0dXJlIjoiRmxlZGdlQmlkZGluZ0FuZEF1Y3Rpb25TZXJ2ZXIiLCJleHBpcnkiOjE3MTkzNTk5OTksImlzU3ViZG9tYWluIjp0cnVlLCJpc1RoaXJkUGFydHkiOnRydWV9"><script src="https://securepubads.g.doubleclick.net/pagead/managed/js/gpt/m202406030101/pubads_impl.js" async=""></script><script type="text/javascript">(function(i,s,o,g,r,a,m,n){i.moengage_object=r;t={};q=function(f){return function(){(i.moengage_q=i.moengage_q||[]).push({f:f,a:arguments})}};f=['track_event','add_user_attribute','add_first_name','add_last_name','add_email','add_mobile','add_user_name','add_gender','add_birthday','destroy_session','add_unique_user_id','moe_events','call_web_push','track','location_type_attribute', 'setDebugLevel'],h={onsite:["getData","registerCallback"]};for(k
        in f){t[f[k]]=q(f[k])}for(k in h)for(l in h[k]){null==t[k]&&(t[k]={}),t[k][h[k][l]]=q(k+"."+h[k][l])}a=s.createElement(o);m=s.getElementsByTagName(o)[0];a.async=1;a.src=g;m.parentNode.insertBefore(a,m);i.moe=i.moe||function(){n=arguments[0];return t};a.onload=function(){if(n){i[r]=moe(n)}}})(window,document,'script','https://cdn.moengage.com/webpush/moe_webSdk.min.latest.js','Moengage')
        Moengage = moe({
          app_id: "M7VT5L14QFA5434ELXHZ4RL9",
          debug_logs: 0,
          swPath: "/serviceworker.js",
          cluster: "DC_1",
          disableOnsite: false,
          enableSPA: false,
          cards: null
        });
      </script><link rel="stylesheet" type="text/css" href="https://assets.loblaws.ca/pcx_bronx_fe_prod/builds/production/3.52.1/811df570/loblaws/commonCart-b3a6be8e_app.bundle.css"><link rel="stylesheet" type="text/css" href="https://assets.loblaws.ca/pcx_bronx_fe_prod/builds/production/3.52.1/811df570/loblaws/site-layout-7413f8ad_app.bundle.css"><link rel="stylesheet" type="text/css" href="https://assets.loblaws.ca/pcx_bronx_fe_prod/builds/production/3.52.1/811df570/loblaws/1988_app.bundle.css"><style data-jss="" data-meta="MuiSvgIcon">
.MuiSvgIcon-root {
  fill: currentColor;
  width: 1em;
  height: 1em;
  display: inline-block;
  font-size: 1.5rem;
  transition: fill 200ms cubic-bezier(0.4, 0, 0.2, 1) 0ms;
  flex-shrink: 0;
  user-select: none;
}
.MuiSvgIcon-colorPrimary {
  color: #3f51b5;
}
.MuiSvgIcon-colorSecondary {
  color: #f50057;
}
.MuiSvgIcon-colorAction {
  color: rgba(0, 0, 0, 0.54);
}
.MuiSvgIcon-colorError {
  color: #f44336;
}
.MuiSvgIcon-colorDisabled {
  color: rgba(0, 0, 0, 0.26);
}
.MuiSvgIcon-fontSizeInherit {
  font-size: inherit;
}
.MuiSvgIcon-fontSizeSmall {
  font-size: 1.25rem;
}
.MuiSvgIcon-fontSizeLarge {
  font-size: 2.1875rem;
}
</style><link rel="stylesheet" type="text/css" href="https://assets.loblaws.ca/pcx_bronx_fe_prod/builds/production/3.52.1/811df570/loblaws/helios-homepage-container_app.bundle.css"><link rel="stylesheet" type="text/css" href="https://assets-platform.loblaws.ca/ldp-core-web-prod/production/ldp/view-resolver-pcx/2.1.0/dist/static/css/2760.chunk.css"><style type="text/css">.indiana-scroll-container {
  overflow: auto; }
  .indiana-scroll-container--dragging {
    scroll-behavior: auto !important; }
    .indiana-scroll-container--dragging > * {
      pointer-events: none;
      cursor: -webkit-grab;
      cursor: grab; }
  .indiana-scroll-container--hide-scrollbars {
    overflow: hidden;
    overflow: -moz-scrollbars-none;
    -ms-overflow-style: none;
    scrollbar-width: none; }
    .indiana-scroll-container--hide-scrollbars::-webkit-scrollbar {
      display: none !important;
      height: 0 !important;
      width: 0 !important;
      background: transparent !important;
      -webkit-appearance: none !important; }
  .indiana-scroll-container--native-scroll {
    overflow: auto; }

.indiana-dragging {
  cursor: -webkit-grab;
  cursor: grab; }
</style><style data-emotion="css-global" data-s=""></style><style data-emotion="css-global" data-s=""></style><style data-emotion="css-global" data-s=""></style><style data-emotion="css-global" data-s=""></style><style data-emotion="css-global" data-s=""></style><style data-emotion="css-global" data-s=""></style><style data-emotion="css-global" data-s=""></style><style data-emotion="css-global" data-s=""></style><style data-emotion="css-global" data-s=""></style><style data-emotion="css-global" data-s=""></style><style data-emotion="css" data-s=""></style><style type="text/css" id="kampyleStyle">.noOutline{outline: none !important;}.wcagOutline:focus{outline: 1px dashed #595959 !important;outline-offset: 2px !important;transition: none !important;}</style><link rel="canonical" href="https://www.loblaws.ca/" data-react-helmet="true"><meta name="description" content="Do your shopping online and schedule a grocery pickup. View weekly flyers and deals, and discover what’s new. " data-react-helmet="true"><meta name="robots" content="index, follow" data-react-helmet="true"><link rel="stylesheet" type="text/css" href="https://assets-platform.loblaws.ca/ldp-core-web-prod/production/ldp/view-resolver-pcx/2.1.0/dist/static/css/8585.chunk.css"><style>.sl-push-banner-1-animation-show {
  -webkit-animation-name: bannerShow1;
  animation-name: bannerShow1;
  -webkit-animation-duration: 0.3s;
  animation-duration: 0.3s;
  animation-fill-mode: forwards; }

.sl-push-banner-1-animation-hide {
  -webkit-animation-name: bannerHide1;
  animation-name: bannerHide1;
  -webkit-animation-duration: 0.3s;
  animation-duration: 0.3s;
  animation-fill-mode: forwards; }

.sl-push-banner-2-animation-show {
  -webkit-animation-name: bannerShow2;
  animation-name: bannerShow2;
  -webkit-animation-duration: 0.3s;
  animation-duration: 0.3s;
  animation-fill-mode: forwards; }

.sl-push-banner-2-animation-hide {
  -webkit-animation-name: bannerHide2;
  animation-name: bannerHide2;
  -webkit-animation-duration: 0.3s;
  animation-duration: 0.3s;
  animation-fill-mode: forwards; }

.sl-push-banner-3-animation-show {
  -webkit-animation-name: bannerShow3;
  animation-name: bannerShow3;
  -webkit-animation-duration: 0.3s;
  animation-duration: 0.3s;
  animation-fill-mode: forwards; }

.sl-push-banner-3-animation-hide {
  -webkit-animation-name: bannerHide3;
  animation-name: bannerHide3;
  -webkit-animation-duration: 0.3s;
  animation-duration: 0.3s;
  animation-fill-mode: forwards; }

.sl-push-banner-4-animation-show {
  -webkit-animation-name: bannerShow4;
  animation-name: bannerShow4;
  -webkit-animation-duration: 0.3s;
  animation-duration: 0.3s;
  animation-fill-mode: forwards; }

.sl-push-banner-4-animation-hide {
  -webkit-animation-name: bannerHide4;
  animation-name: bannerHide4;
  -webkit-animation-duration: 0.3s;
  animation-duration: 0.3s;
  animation-fill-mode: forwards; }

.sl-push-banner-5-animation-show {
  -webkit-animation-name: bannerShow5;
  animation-name: bannerShow5;
  -webkit-animation-duration: 0.3s;
  animation-duration: 0.3s;
  animation-fill-mode: forwards; }

.sl-push-banner-5-animation-hide {
  -webkit-animation-name: bannerHide5;
  animation-name: bannerHide5;
  -webkit-animation-duration: 0.3s;
  animation-duration: 0.3s;
  animation-fill-mode: forwards; }

.sl-push-banner-6-animation-show {
  -webkit-animation-name: bannerShow6;
  animation-name: bannerShow6;
  -webkit-animation-duration: 0.3s;
  animation-duration: 0.3s;
  animation-fill-mode: forwards; }

.sl-push-banner-6-animation-hide {
  -webkit-animation-name: bannerHide6;
  animation-name: bannerHide6;
  -webkit-animation-duration: 0.3s;
  animation-duration: 0.3s;
  animation-fill-mode: forwards; }

/* Push effect animations */
@keyframes bannerShow1 {
  from {
    padding-top: 0; }
  to {
    padding-top: 70px; } }

@-webkit-keyframes bannerShow1 {
  from {
    padding-top: 0; }
  to {
    padding-top: 70px; } }

@keyframes bannerHide1 {
  from {
    padding-top: 70px; }
  to {
    padding-top: 0; } }

@-webkit-keyframes bannerHide1 {
  from {
    padding-top: 70px; }
  to {
    padding-top: 0; } }

@keyframes bannerShow2 {
  from {
    padding-top: 0; }
  to {
    padding-top: 90px; } }

@-webkit-keyframes bannerShow2 {
  from {
    padding-top: 0; }
  to {
    padding-top: 90px; } }

@keyframes bannerHide2 {
  from {
    padding-top: 90px; }
  to {
    padding-top: 0; } }

@-webkit-keyframes bannerHide2 {
  from {
    padding-top: 90px; }
  to {
    padding-top: 0; } }

@keyframes bannerShow3 {
  from {
    padding-top: 0; }
  to {
    padding-top: 110px; } }

@-webkit-keyframes bannerShow3 {
  from {
    padding-top: 0; }
  to {
    padding-top: 110px; } }

@keyframes bannerHide3 {
  from {
    padding-top: 110px; }
  to {
    padding-top: 0; } }

@-webkit-keyframes bannerHide3 {
  from {
    padding-top: 110px; }
  to {
    padding-top: 0; } }

@keyframes bannerShow4 {
  from {
    padding-top: 0; }
  to {
    padding-top: 130px; } }

@-webkit-keyframes bannerShow4 {
  from {
    padding-top: 0; }
  to {
    padding-top: 130px; } }

@keyframes bannerHide4 {
  from {
    padding-top: 130px; }
  to {
    padding-top: 0; } }

@-webkit-keyframes bannerHide4 {
  from {
    padding-top: 130px; }
  to {
    padding-top: 0; } }

@keyframes bannerShow5 {
  from {
    padding-top: 0; }
  to {
    padding-top: 150px; } }

@-webkit-keyframes bannerShow5 {
  from {
    padding-top: 0; }
  to {
    padding-top: 150px; } }

@keyframes bannerHide5 {
  from {
    padding-top: 150px; }
  to {
    padding-top: 0; } }

@-webkit-keyframes bannerHide5 {
  from {
    padding-top: 150px; }
  to {
    padding-top: 0; } }

@keyframes bannerShow6 {
  from {
    padding-top: 0; }
  to {
    padding-top: 170px; } }

@-webkit-keyframes bannerShow6 {
  from {
    padding-top: 0; }
  to {
    padding-top: 170px; } }

@keyframes bannerHide6 {
  from {
    padding-top: 170px; }
  to {
    padding-top: 0; } }

@-webkit-keyframes bannerHide6 {
  from {
    padding-top: 170px; }
  to {
    padding-top: 0; } }

.sl-push-bar-1-animation-show {
  -webkit-animation-name: barShow1;
  animation-name: barShow1;
  -webkit-animation-duration: 0.3s;
  animation-duration: 0.3s;
  animation-fill-mode: forwards; }

.sl-push-bar-1-animation-hide {
  -webkit-animation-name: barHide1;
  animation-name: barHide1;
  -webkit-animation-duration: 0.3s;
  animation-duration: 0.3s;
  animation-fill-mode: forwards; }

.sl-push-bar-2-animation-show {
  -webkit-animation-name: barShow2;
  animation-name: barShow2;
  -webkit-animation-duration: 0.3s;
  animation-duration: 0.3s;
  animation-fill-mode: forwards; }

.sl-push-bar-2-animation-hide {
  -webkit-animation-name: barHide2;
  animation-name: barHide2;
  -webkit-animation-duration: 0.3s;
  animation-duration: 0.3s;
  animation-fill-mode: forwards; }

.sl-push-bar-3-animation-show {
  -webkit-animation-name: barShow3;
  animation-name: barShow3;
  -webkit-animation-duration: 0.3s;
  animation-duration: 0.3s;
  animation-fill-mode: forwards; }

.sl-push-bar-3-animation-hide {
  -webkit-animation-name: barHide3;
  animation-name: barHide3;
  -webkit-animation-duration: 0.3s;
  animation-duration: 0.3s;
  animation-fill-mode: forwards; }

.sl-push-bar-4-animation-show {
  -webkit-animation-name: barShow4;
  animation-name: barShow4;
  -webkit-animation-duration: 0.3s;
  animation-duration: 0.3s;
  animation-fill-mode: forwards; }

.sl-push-bar-4-animation-hide {
  -webkit-animation-name: barHide4;
  animation-name: barHide4;
  -webkit-animation-duration: 0.3s;
  animation-duration: 0.3s;
  animation-fill-mode: forwards; }

.sl-push-bar-5-animation-show {
  -webkit-animation-name: barShow5;
  animation-name: barShow5;
  -webkit-animation-duration: 0.3s;
  animation-duration: 0.3s;
  animation-fill-mode: forwards; }

.sl-push-bar-5-animation-hide {
  -webkit-animation-name: barHide5;
  animation-name: barHide5;
  -webkit-animation-duration: 0.3s;
  animation-duration: 0.3s;
  animation-fill-mode: forwards; }

.sl-push-bar-6-animation-show {
  -webkit-animation-name: barShow6;
  animation-name: barShow6;
  -webkit-animation-duration: 0.3s;
  animation-duration: 0.3s;
  animation-fill-mode: forwards; }

.sl-push-bar-6-animation-hide {
  -webkit-animation-name: barHide6;
  animation-name: barHide6;
  -webkit-animation-duration: 0.3s;
  animation-duration: 0.3s;
  animation-fill-mode: forwards; }

/* Push effect animations */
@keyframes barShow1 {
  from {
    padding-top: 0; }
  to {
    padding-top: 200px; } }

@-webkit-keyframes barShow1 {
  from {
    padding-top: 0; }
  to {
    padding-top: 200px; } }

@keyframes barHide1 {
  from {
    padding-top: 200px; }
  to {
    padding-top: 0; } }

@-webkit-keyframes barHide1 {
  from {
    padding-top: 200px; }
  to {
    padding-top: 0; } }

@keyframes barShow2 {
  from {
    padding-top: 0; }
  to {
    padding-top: 90px; } }

@-webkit-keyframes barShow2 {
  from {
    padding-top: 0; }
  to {
    padding-top: 90px; } }

@keyframes barHide2 {
  from {
    padding-top: 90px; }
  to {
    padding-top: 0; } }

@-webkit-keyframes barHide2 {
  from {
    padding-top: 90px; }
  to {
    padding-top: 0; } }

@keyframes barShow3 {
  from {
    padding-top: 0; }
  to {
    padding-top: 110px; } }

@-webkit-keyframes barShow3 {
  from {
    padding-top: 0; }
  to {
    padding-top: 110px; } }

@keyframes barHide3 {
  from {
    padding-top: 110px; }
  to {
    padding-top: 0; } }

@-webkit-keyframes barHide3 {
  from {
    padding-top: 110px; }
  to {
    padding-top: 0; } }

@keyframes barShow4 {
  from {
    padding-top: 0; }
  to {
    padding-top: 130px; } }

@-webkit-keyframes barShow4 {
  from {
    padding-top: 0; }
  to {
    padding-top: 130px; } }

@keyframes barHide4 {
  from {
    padding-top: 130px; }
  to {
    padding-top: 0; } }

@-webkit-keyframes barHide4 {
  from {
    padding-top: 130px; }
  to {
    padding-top: 0; } }

@keyframes barShow5 {
  from {
    padding-top: 0; }
  to {
    padding-top: 150px; } }

@-webkit-keyframes barShow5 {
  from {
    padding-top: 0; }
  to {
    padding-top: 150px; } }

@keyframes barHide5 {
  from {
    padding-top: 150px; }
  to {
    padding-top: 0; } }

@-webkit-keyframes barHide5 {
  from {
    padding-top: 150px; }
  to {
    padding-top: 0; } }

@keyframes barShow6 {
  from {
    padding-top: 0; }
  to {
    padding-top: 170px; } }

@-webkit-keyframes barShow6 {
  from {
    padding-top: 0; }
  to {
    padding-top: 170px; } }

@keyframes barHide6 {
  from {
    padding-top: 170px; }
  to {
    padding-top: 0; } }

@-webkit-keyframes barHide6 {
  from {
    padding-top: 170px; }
  to {
    padding-top: 0; } }

.sl-video-container {
  width: 100%;
  height: 100%;
  border: none;
  box-sizing: border-box;
  position: fixed;
  top: 0;
  left: 0;
  z-index: 9999999999; }

@keyframes showShading {
  from {
    opacity: 0; }
  to {
    opacity: 1; } }

@-webkit-keyframes showShading {
  from {
    opacity: 0; }
  to {
    opacity: 1; } }

@keyframes hideShading {
  from {
    opacity: 1; }
  to {
    opacity: 0; } }

@-webkit-keyframes hideShading {
  from {
    opacity: 1; }
  to {
    opacity: 0; } }

.sl-dev-label {
  position: fixed;
  bottom: 0;
  right: 0;
  font-family: Arial, sans-serif;
  font-size: 14px;
  padding: 4px;
  background-color: rgba(255, 82, 0, 0.87);
  border-top-left-radius: 4px;
  color: #FFF; }

.sl-active-node-hand {
  cursor: pointer; }

#slContainer {
  position: absolute !important;
  width: 100% !important;
  left: 0 !important;
  top: 0 !important;
  box-sizing: border-box;
  border: none;
  z-index: 999999999; }
  #slContainer .sl-views-wrapper {
    z-index: 999999999;
    position: absolute !important;
    width: 100% !important;
    height: 0;
    left: 0 !important;
    top: 0 !important;
    box-sizing: border-box;
    border: none; }
    #slContainer .sl-views-wrapper .sl-frame-component {
      top: 0;
      left: 0;
      right: 0;
      bottom: 0;
      margin: auto;
      position: fixed;
      z-index: 999999999999;
      resize: none;
      overflow: visible;
      max-width: none;
      max-height: none;
      border-radius: 0;
      opacity: 0;
      display: none;
      border: none;
      width: 0;
      height: 0; }
      #slContainer .sl-views-wrapper .sl-frame-component.sl-shade-show .sl-item-background-shade {
        display: block;
        -webkit-animation-name: showShading;
        animation-name: showShading;
        -webkit-animation-duration: 0.5s;
        animation-duration: 0.5s;
        animation-fill-mode: forwards; }
      #slContainer .sl-views-wrapper .sl-frame-component.sl-shade-hide .sl-item-background-shade {
        display: block;
        -webkit-animation-name: hideShading;
        animation-name: hideShading;
        -webkit-animation-duration: 0.5s;
        animation-duration: 0.5s;
        animation-fill-mode: forwards; }
      #slContainer .sl-views-wrapper .sl-frame-component .sl-item-background-shade {
        display: none;
        position: fixed;
        top: 0;
        left: 0;
        width: 100%;
        height: 100%;
        background-color: rgba(0, 0, 0, 0.35); }
      #slContainer .sl-views-wrapper .sl-frame-component .sl-frame {
        display: block;
        position: relative;
        opacity: 1;
        width: 100%;
        height: 100%;
        border: none;
        z-index: 1;
        margin: 0;
        padding: 0;
        max-width: 100%;
        max-height: 100%;
        min-height: unset;
        min-width: unset; }

/* POPUP SHOW */
@keyframes showPopup {
  from {
    opacity: 0;
    -webkit-transform: scale(0.7);
    -moz-transform: scale(0.7);
    -o-transform: scale(0.7);
    transform: scale(0.7);
    -webkit-transform-origin: top bottom;
    -moz-transform-origin: top bottom;
    -o-transform-origin: top bottom;
    transform-origin: top bottom; }
  to {
    opacity: 1;
    -webkit-transform: scale(1);
    -moz-transform: scale(1);
    -o-transform: scale(1);
    transform: scale(1);
    -webkit-transform-origin: top bottom;
    -moz-transform-origin: top bottom;
    -o-transform-origin: top bottom;
    transform-origin: top bottom; } }

@-webkit-keyframes showPopup {
  from {
    opacity: 0;
    -webkit-transform: scale(0.7);
    -moz-transform: scale(0.7);
    -o-transform: scale(0.7);
    transform: scale(0.7);
    -webkit-transform-origin: top bottom;
    -moz-transform-origin: top bottom;
    -o-transform-origin: top bottom;
    transform-origin: top bottom; }
  to {
    opacity: 1;
    -webkit-transform: scale(1);
    -moz-transform: scale(1);
    -o-transform: scale(1);
    transform: scale(1);
    -webkit-transform-origin: top bottom;
    -moz-transform-origin: top bottom;
    -o-transform-origin: top bottom;
    transform-origin: top bottom; } }

@keyframes hidePopup {
  from {
    -webkit-transform: scale(1);
    -moz-transform: scale(1);
    -o-transform: scale(1);
    transform: scale(1);
    -webkit-transform-origin: top bottom;
    -moz-transform-origin: top bottom;
    -o-transform-origin: top bottom;
    transform-origin: top bottom;
    opacity: 1; }
  to {
    -webkit-transform: scale(0.6);
    -moz-transform: scale(0.6);
    -o-transform: scale(0.6);
    transform: scale(0.6);
    -webkit-transform-origin: top bottom;
    -moz-transform-origin: top bottom;
    -o-transform-origin: top bottom;
    transform-origin: top bottom;
    opacity: 0; } }

@-webkit-keyframes hidePopup {
  from {
    -webkit-transform: scale(1);
    -moz-transform: scale(1);
    -o-transform: scale(1);
    transform: scale(1);
    -webkit-transform-origin: top bottom;
    -moz-transform-origin: top bottom;
    -o-transform-origin: top bottom;
    transform-origin: top bottom;
    opacity: 1; }
  to {
    -webkit-transform: scale(0.6);
    -moz-transform: scale(0.6);
    -o-transform: scale(0.6);
    transform: scale(0.6);
    -webkit-transform-origin: top bottom;
    -moz-transform-origin: top bottom;
    -o-transform-origin: top bottom;
    transform-origin: top bottom;
    opacity: 0; } }

/* Mobile styles */
@media (max-width: 450px) {
  #slContainer .sl-views-wrapper .sl-popup {
    top: 0;
    right: 0;
    margin: auto;
    border: none;
    opacity: 1;
    resize: none;
    position: fixed;
    display: block;
    overflow: auto;
    max-width: none;
    max-height: none;
    min-height: 100%;
    z-index: 9999999999999;
    width: 100% !important;
    height: 100% !important;
    box-shadow: rgba(0, 0, 0, 0.15) 0 0 15px 3px;
    -webkit-overflow-scrolling: touch !important;
    overflow-y: scroll !important; }
    #slContainer .sl-views-wrapper .sl-popup .sl-frame {
      display: block;
      position: static;
      opacity: 1;
      width: 100%;
      height: 100%;
      border: none; }
    #slContainer .sl-views-wrapper .sl-popup .sl-item-background-shade {
      z-index: -1; } }

#slContainer .sl-views-wrapper
.sl-frame-component.sl-popup {
  display: block;
  opacity: 1; }
  #slContainer .sl-views-wrapper
.sl-frame-component.sl-popup.sl-show-animation .sl-frame {
    -webkit-animation-name: showPopup;
    animation-name: showPopup;
    -webkit-animation-duration: 0.3s;
    animation-duration: 0.3s;
    animation-fill-mode: forwards; }
  #slContainer .sl-views-wrapper
.sl-frame-component.sl-popup.sl-hide-animation .sl-frame {
    -webkit-animation-name: hidePopup;
    animation-name: hidePopup;
    -webkit-animation-duration: 0.3s;
    animation-duration: 0.3s;
    animation-fill-mode: forwards; }

@keyframes showNotification {
  from {
    right: -500px; }
  to {
    right: 0px; } }

@-webkit-keyframes showNotification {
  from {
    right: -500px; }
  to {
    right: 0px; } }

@keyframes hideNotification {
  from {
    right: 0px; }
  to {
    right: -500px; } }

@-webkit-keyframes hideNotification {
  from {
    right: 0px; }
  to {
    right: -500px; } }

#slContainer .sl-views-wrapper
.sl-frame-component.sl-notification {
  display: block;
  opacity: 1;
  left: auto;
  width: 100%; }
  #slContainer .sl-views-wrapper
.sl-frame-component.sl-notification.sl-position-top {
    top: 0;
    bottom: auto; }
  #slContainer .sl-views-wrapper
.sl-frame-component.sl-notification.sl-position-bottom {
    top: auto;
    bottom: 0; }
  #slContainer .sl-views-wrapper
.sl-frame-component.sl-notification.sl-show-animation {
    -webkit-animation-name: showNotification;
    animation-name: showNotification;
    -webkit-animation-duration: 0.3s;
    animation-duration: 0.3s;
    animation-fill-mode: forwards; }
  #slContainer .sl-views-wrapper
.sl-frame-component.sl-notification.sl-hide-animation {
    -webkit-animation-name: hideNotification;
    animation-name: hideNotification;
    -webkit-animation-duration: 0.4s;
    animation-duration: 0.4s;
    animation-fill-mode: forwards; }

@keyframes showSlideoutRight {
  from {
    right: -700px; }
  to {
    right: 0; } }

@-webkit-keyframes showSlideoutRight {
  from {
    right: -700px; }
  to {
    right: 0; } }

@keyframes showSlideoutLeft {
  from {
    left: -700px; }
  to {
    left: 0; } }

@-webkit-keyframes showSlideoutLeft {
  from {
    left: -700px; }
  to {
    left: 0; } }

/* SLIDEOUT HIDE */
@keyframes hideSlideoutRight {
  from {
    right: 0; }
  to {
    right: -700px; } }

@-webkit-keyframes hideSlideoutRight {
  from {
    right: 0; }
  to {
    right: -700px; } }

@keyframes hideSlideoutLeft {
  from {
    left: 0; }
  to {
    left: -700px; } }

@-webkit-keyframes hideSlideoutLeft {
  from {
    left: 0; }
  to {
    left: -700px; } }

@media (max-width: 450px) {
  .sl-slideout {
    width: 100% !important;
    -webkit-overflow-scrolling: touch !important;
    overflow-y: scroll !important;
    min-height: 100%;
    max-width: none;
    box-shadow: none; }
    .sl-slideout .sl-frame {
      box-shadow: 0 0 15px 3px rgba(0, 0, 0, 0.15); }
    .sl-slideout.sl-position-left {
      padding-right: 20px;
      box-sizing: border-box; }
    .sl-slideout.sl-position-right {
      padding-left: 20px;
      box-sizing: border-box; } }

#slContainer .sl-views-wrapper
.sl-frame-component.sl-slideout {
  box-shadow: 0 0 15px 3px rgba(0, 0, 0, 0.15);
  display: block;
  opacity: 1; }
  #slContainer .sl-views-wrapper
.sl-frame-component.sl-slideout.sl-position-left {
    right: auto; }
    #slContainer .sl-views-wrapper
.sl-frame-component.sl-slideout.sl-position-left.sl-show-animation {
      -webkit-animation-name: showSlideoutLeft;
      animation-name: showSlideoutLeft;
      -webkit-animation-duration: 0.3s;
      animation-duration: 0.3s;
      animation-fill-mode: forwards; }
    #slContainer .sl-views-wrapper
.sl-frame-component.sl-slideout.sl-position-left.sl-hide-animation {
      -webkit-animation-name: hideSlideoutLeft;
      animation-name: hideSlideoutLeft;
      -webkit-animation-duration: 0.4s;
      animation-duration: 0.4s;
      animation-fill-mode: forwards; }
  #slContainer .sl-views-wrapper
.sl-frame-component.sl-slideout.sl-position-right {
    left: auto; }
    #slContainer .sl-views-wrapper
.sl-frame-component.sl-slideout.sl-position-right.sl-show-animation {
      -webkit-animation-name: showSlideoutRight;
      animation-name: showSlideoutRight;
      -webkit-animation-duration: 0.3s;
      animation-duration: 0.3s;
      animation-fill-mode: forwards; }
    #slContainer .sl-views-wrapper
.sl-frame-component.sl-slideout.sl-position-right.sl-hide-animation {
      -webkit-animation-name: hideSlideoutRight;
      animation-name: hideSlideoutRight;
      -webkit-animation-duration: 0.4s;
      animation-duration: 0.4s;
      animation-fill-mode: forwards; }

@keyframes showBannerTop {
  from {
    top: -200px; }
  to {
    top: 0; } }

@-webkit-keyframes showBannerTop {
  from {
    top: -200px; }
  to {
    top: 0; } }

@keyframes showBannerBottom {
  from {
    bottom: -200px; }
  to {
    bottom: 0; } }

@-webkit-keyframes showBannerBottom {
  from {
    bottom: -200px; }
  to {
    bottom: 0; } }

@keyframes hideBannerTop {
  from {
    top: 0; }
  to {
    top: -200px; } }

@-webkit-keyframes hideBannerTop {
  from {
    top: 0; }
  to {
    top: -200px; } }

@keyframes hideBannerBottom {
  from {
    bottom: 0; }
  to {
    bottom: -200px; } }

@-webkit-keyframes hideBannerBottom {
  from {
    bottom: 0; }
  to {
    bottom: -200px; } }

@keyframes mobileShowBannerTop {
  from {
    top: -100%; }
  to {
    top: 0; } }

@-webkit-keyframes mobileShowBannerTop {
  from {
    top: -100%; }
  to {
    top: 0; } }

@keyframes mobileShowBannerBottom {
  from {
    bottom: -100%; }
  to {
    bottom: 0; } }

@-webkit-keyframes mobileShowBannerBottom {
  from {
    bottom: -100%; }
  to {
    bottom: 0; } }

@keyframes mobileHideBannerTop {
  from {
    top: 0; }
  to {
    top: -100%; } }

@-webkit-keyframes mobileHideBannerTop {
  from {
    top: 0; }
  to {
    top: -100%; } }

@keyframes mobileHideBannerBottom {
  from {
    bottom: 0; }
  to {
    bottom: -100%; } }

@-webkit-keyframes mobileHideBannerBottom {
  from {
    bottom: 0; }
  to {
    bottom: -100%; } }

#slContainer .sl-views-wrapper
.sl-frame-component.sl-banner {
  height: 100%;
  display: block;
  opacity: 1; }
  #slContainer .sl-views-wrapper
.sl-frame-component.sl-banner.sl-position-top {
    top: 0;
    bottom: auto; }
    #slContainer .sl-views-wrapper
.sl-frame-component.sl-banner.sl-position-top.sl-push-show {
      position: absolute; }
    #slContainer .sl-views-wrapper
.sl-frame-component.sl-banner.sl-position-top.sl-show-animation {
      -webkit-animation-name: showBannerTop;
      animation-name: showBannerTop;
      -webkit-animation-duration: 0.3s;
      animation-duration: 0.3s;
      animation-fill-mode: forwards; }
    #slContainer .sl-views-wrapper
.sl-frame-component.sl-banner.sl-position-top.sl-hide-animation {
      -webkit-animation-name: hideBannerTop;
      animation-name: hideBannerTop;
      -webkit-animation-duration: 0.3s;
      animation-duration: 0.3s;
      animation-fill-mode: forwards; }
  #slContainer .sl-views-wrapper
.sl-frame-component.sl-banner.sl-position-bottom {
    top: auto;
    bottom: 0; }
    #slContainer .sl-views-wrapper
.sl-frame-component.sl-banner.sl-position-bottom.sl-show-animation {
      -webkit-animation-name: showBannerBottom;
      animation-name: showBannerBottom;
      -webkit-animation-duration: 0.3s;
      animation-duration: 0.3s;
      animation-fill-mode: forwards; }
    #slContainer .sl-views-wrapper
.sl-frame-component.sl-banner.sl-position-bottom.sl-hide-animation {
      -webkit-animation-name: hideBannerBottom;
      animation-name: hideBannerBottom;
      -webkit-animation-duration: 0.3s;
      animation-duration: 0.3s;
      animation-fill-mode: forwards; }

#slContainer.sl-container-mobile .sl-frame-component.sl-banner.sl-position-top.sl-push-show {
  position: absolute; }

#slContainer.sl-container-mobile .sl-frame-component.sl-banner.sl-position-top.sl-show-animation {
  -webkit-animation-name: mobileShowBannerTop;
  animation-name: mobileShowBannerTop;
  -webkit-animation-duration: 0.3s;
  animation-duration: 0.3s;
  animation-fill-mode: forwards; }

#slContainer.sl-container-mobile .sl-frame-component.sl-banner.sl-position-top.sl-hide-animation {
  -webkit-animation-name: mobileHideBannerTop;
  animation-name: mobileHideBannerTop;
  -webkit-animation-duration: 0.3s;
  animation-duration: 0.3s;
  animation-fill-mode: forwards; }

#slContainer.sl-container-mobile .sl-frame-component.sl-banner.sl-position-bottom {
  top: auto;
  bottom: 0; }
  #slContainer.sl-container-mobile .sl-frame-component.sl-banner.sl-position-bottom.sl-show-animation {
    -webkit-animation-name: mobileShowBannerBottom;
    animation-name: mobileShowBannerBottom;
    -webkit-animation-duration: 0.3s;
    animation-duration: 0.3s;
    animation-fill-mode: forwards; }
  #slContainer.sl-container-mobile .sl-frame-component.sl-banner.sl-position-bottom.sl-hide-animation {
    -webkit-animation-name: mobileHideBannerBottom;
    animation-name: mobileHideBannerBottom;
    -webkit-animation-duration: 0.3s;
    animation-duration: 0.3s;
    animation-fill-mode: forwards; }

@keyframes showBarTop {
  from {
    top: -700px; }
  to {
    top: 0; } }

@-webkit-keyframes showBarTop {
  from {
    top: -700px; }
  to {
    top: 0; } }

@keyframes showBarBottom {
  from {
    bottom: -700px; }
  to {
    bottom: 0; } }

@-webkit-keyframes showBarBottom {
  from {
    bottom: -700px; }
  to {
    bottom: 0; } }

@keyframes hideBarTop {
  from {
    top: 0; }
  to {
    top: -700px; } }

@-webkit-keyframes hideBarTop {
  from {
    top: 0; }
  to {
    top: -700px; } }

@keyframes hideBarBottom {
  from {
    bottom: 0; }
  to {
    bottom: -700px; } }

@-webkit-keyframes hideBarBottom {
  from {
    bottom: 0; }
  to {
    bottom: -700px; } }

@media (max-width: 600px) {
  #slContainer .sl-views-wrapper
.sl-frame-component.sl-bar {
    top: 0;
    right: 0;
    margin: auto;
    border: none;
    opacity: 1;
    resize: none;
    position: fixed;
    display: block;
    overflow: auto;
    max-width: none;
    max-height: none;
    min-height: 80%;
    z-index: 9999999999999;
    width: 100% !important;
    height: 80% !important;
    box-shadow: rgba(0, 0, 0, 0.15) 0 0 15px 3px;
    -webkit-overflow-scrolling: touch !important;
    overflow-y: scroll !important; }
    #slContainer .sl-views-wrapper
.sl-frame-component.sl-bar .sl-frame {
      display: block;
      position: static;
      opacity: 1;
      width: 100%;
      height: 100%;
      border: none; }
    #slContainer .sl-views-wrapper
.sl-frame-component.sl-bar .sl-item-background-shade {
      z-index: -1; } }

@media (max-width: 600px) and (max-height: 500px) {
  #slContainer .sl-views-wrapper
.sl-frame-component.sl-bar {
    top: 0;
    right: 0;
    margin: auto;
    border: none;
    opacity: 1;
    resize: none;
    position: fixed;
    display: block;
    overflow: auto;
    max-width: none;
    max-height: none;
    min-height: 100%;
    z-index: 9999999999999;
    width: 100% !important;
    height: 100% !important;
    box-shadow: rgba(0, 0, 0, 0.15) 0 0 15px 3px;
    -webkit-overflow-scrolling: touch !important;
    overflow-y: scroll !important; }
    #slContainer .sl-views-wrapper
.sl-frame-component.sl-bar .sl-frame {
      display: block;
      position: static;
      opacity: 1;
      width: 100%;
      height: 100%;
      border: none; } }

#slContainer .sl-views-wrapper
.sl-frame-component.sl-bar {
  display: block;
  opacity: 1;
  box-shadow: 0 0 15px 3px rgba(0, 0, 0, 0.15); }
  #slContainer .sl-views-wrapper
.sl-frame-component.sl-bar.sl-position-top {
    top: 0;
    bottom: auto; }
    #slContainer .sl-views-wrapper
.sl-frame-component.sl-bar.sl-position-top.sl-push-show {
      position: absolute; }
    #slContainer .sl-views-wrapper
.sl-frame-component.sl-bar.sl-position-top.sl-show-animation {
      -webkit-animation-name: showBarTop;
      animation-name: showBarTop;
      -webkit-animation-duration: 0.3s;
      animation-duration: 0.3s;
      animation-fill-mode: forwards; }
    #slContainer .sl-views-wrapper
.sl-frame-component.sl-bar.sl-position-top.sl-hide-animation {
      -webkit-animation-name: hideBarTop;
      animation-name: hideBarTop;
      -webkit-animation-duration: 0.4s;
      animation-duration: 0.4s;
      animation-fill-mode: forwards; }
  #slContainer .sl-views-wrapper
.sl-frame-component.sl-bar.sl-position-bottom {
    top: auto;
    bottom: 0; }
    #slContainer .sl-views-wrapper
.sl-frame-component.sl-bar.sl-position-bottom.sl-show-animation {
      -webkit-animation-name: showBarBottom;
      animation-name: showBarBottom;
      -webkit-animation-duration: 0.3s;
      animation-duration: 0.3s;
      animation-fill-mode: forwards; }
    #slContainer .sl-views-wrapper
.sl-frame-component.sl-bar.sl-position-bottom.sl-hide-animation {
      -webkit-animation-name: hideBarBottom;
      animation-name: hideBarBottom;
      -webkit-animation-duration: 0.4s;
      animation-duration: 0.4s;
      animation-fill-mode: forwards; }

@keyframes showIconAnimation {
  from {
    opacity: 0; }
  to {
    opacity: 1; } }

@-webkit-keyframes showIconAnimation {
  from {
    opacity: 0; }
  to {
    opacity: 1; } }

@keyframes showHotspotAnimationTop {
  from {
    opacity: 0;
    margin-top: -30px;
    display: none; }
  to {
    opacity: 1;
    margin-top: 0;
    display: block; } }

@-webkit-keyframes showHotspotAnimationTop {
  from {
    opacity: 0;
    margin-top: -30px;
    display: none; }
  to {
    opacity: 1;
    margin-top: 0;
    display: block; } }

@keyframes showHotspotAnimationBottom {
  from {
    opacity: 0;
    margin-top: 30px;
    display: none; }
  to {
    opacity: 1;
    margin-top: 0;
    display: block; } }

@-webkit-keyframes showHotspotAnimationBottom {
  from {
    opacity: 0;
    margin-top: 30px;
    display: none; }
  to {
    opacity: 1;
    margin-top: 0;
    display: block; } }

@keyframes hideHotspotAnimationTop {
  from {
    opacity: 1;
    margin-top: 0; }
  to {
    opacity: 0;
    margin-top: -30px; } }

@-webkit-keyframes hideHotspotAnimationTop {
  from {
    opacity: 1;
    margin-top: 0; }
  to {
    opacity: 0;
    margin-top: -30px; } }

@keyframes hideHotspotAnimationBottom {
  from {
    opacity: 1;
    margin-top: 0; }
  to {
    opacity: 0;
    margin-top: 30px; } }

@-webkit-keyframes hideHotspotAnimationBottom {
  from {
    opacity: 1;
    margin-top: 0; }
  to {
    opacity: 0;
    margin-top: 30px; } }

@media (max-width: 450px) {
  .sl-hotspot {
    position: fixed !important;
    top: 0 !important;
    left: 0 !important;
    right: 0 !important;
    bottom: 0 !important;
    margin: auto !important; }
  @keyframes showHotspotAnimationTop {
    from {
      opacity: 0;
      top: -30px;
      margin: auto !important;
      display: none; }
    to {
      opacity: 1;
      top: 0;
      display: block;
      margin: auto !important; } }
  @-webkit-keyframes showHotspotAnimationTop {
    from {
      opacity: 0;
      top: -30px;
      display: none;
      margin: auto !important; }
    to {
      opacity: 1;
      top: 0;
      display: block;
      margin: auto !important; } }
  @keyframes showHotspotAnimationBottom {
    from {
      opacity: 0;
      top: 30px;
      margin: auto !important;
      display: none; }
    to {
      opacity: 1;
      top: 0;
      margin: auto !important;
      display: block; } }
  @-webkit-keyframes showHotspotAnimationBottom {
    from {
      opacity: 0;
      top: 30px;
      display: none;
      margin: auto !important; }
    to {
      opacity: 1;
      margin: auto !important;
      top: 0;
      display: block; } }
  @keyframes hideHotspotAnimationTop {
    from {
      opacity: 1;
      top: 0;
      margin: auto !important; }
    to {
      opacity: 0;
      top: -30px;
      margin: auto !important; } }
  @-webkit-keyframes hideHotspotAnimationTop {
    from {
      opacity: 1;
      margin: auto !important;
      top: 0; }
    to {
      opacity: 0;
      top: -30px;
      margin: auto !important; } }
  @keyframes hideHotspotAnimationBottom {
    from {
      opacity: 1;
      top: 0;
      margin: auto !important; }
    to {
      opacity: 0;
      top: 30px;
      margin: auto !important; } }
  @-webkit-keyframes hideHotspotAnimationBottom {
    from {
      opacity: 1;
      top: 0;
      margin: auto !important; }
    to {
      opacity: 0;
      top: 30px;
      margin: auto !important; } } }

/* Hotspot Icon */
.sl-hp-icon-container {
  width: 0;
  height: 0;
  padding: 0;
  margin: 0;
  position: relative;
  display: block;
  float: left; }
  .sl-hp-icon-container .sl-hp-frame {
    position: absolute;
    margin: auto;
    z-index: 0;
    border: none;
    resize: none;
    overflow: auto;
    box-shadow: none;
    background: transparent;
    opacity: 0;
    display: block;
    border-radius: 4px;
    max-width: none;
    max-height: none;
    width: 12px;
    height: 12px;
    min-width: 16px;
    min-height: 16px;
    -webkit-animation-name: showIconAnimation;
    animation-name: showIconAnimation;
    -webkit-animation-duration: 0.1s;
    animation-duration: 0.1s;
    animation-fill-mode: forwards; }

#slContainer .sl-views-wrapper
.sl-frame-component.sl-hotspot {
  display: block;
  opacity: 1;
  left: auto;
  right: auto;
  bottom: auto;
  top: auto;
  position: absolute;
  border-radius: 4px;
  box-shadow: 0 0 15px 3px rgba(0, 0, 0, 0.15); }
  #slContainer .sl-views-wrapper
.sl-frame-component.sl-hotspot.sl-position-right-bottom, #slContainer .sl-views-wrapper
.sl-frame-component.sl-hotspot.sl-position-left-bottom {
    top: 0;
    bottom: auto; }
    #slContainer .sl-views-wrapper
.sl-frame-component.sl-hotspot.sl-position-right-bottom.sl-show-animation, #slContainer .sl-views-wrapper
.sl-frame-component.sl-hotspot.sl-position-left-bottom.sl-show-animation {
      -webkit-animation-name: showHotspotAnimationBottom;
      animation-name: showHotspotAnimationBottom;
      -webkit-animation-duration: 0.3s;
      animation-duration: 0.3s;
      animation-fill-mode: forwards; }
    #slContainer .sl-views-wrapper
.sl-frame-component.sl-hotspot.sl-position-right-bottom.sl-hide-animation, #slContainer .sl-views-wrapper
.sl-frame-component.sl-hotspot.sl-position-left-bottom.sl-hide-animation {
      -webkit-animation-name: hideHotspotAnimationBottom;
      animation-name: hideHotspotAnimationBottom;
      -webkit-animation-duration: 0.4s;
      animation-duration: 0.4s;
      animation-fill-mode: forwards; }
  #slContainer .sl-views-wrapper
.sl-frame-component.sl-hotspot.sl-position-right-top, #slContainer .sl-views-wrapper
.sl-frame-component.sl-hotspot.sl-position-left-top {
    top: auto;
    bottom: 0; }
    #slContainer .sl-views-wrapper
.sl-frame-component.sl-hotspot.sl-position-right-top.sl-show-animation, #slContainer .sl-views-wrapper
.sl-frame-component.sl-hotspot.sl-position-left-top.sl-show-animation {
      -webkit-animation-name: showHotspotAnimationTop;
      animation-name: showHotspotAnimationTop;
      -webkit-animation-duration: 0.3s;
      animation-duration: 0.3s;
      animation-fill-mode: forwards; }
    #slContainer .sl-views-wrapper
.sl-frame-component.sl-hotspot.sl-position-right-top.sl-hide-animation, #slContainer .sl-views-wrapper
.sl-frame-component.sl-hotspot.sl-position-left-top.sl-hide-animation {
      -webkit-animation-name: hideHotspotAnimationTop;
      animation-name: hideHotspotAnimationTop;
      -webkit-animation-duration: 0.4s;
      animation-duration: 0.4s;
      animation-fill-mode: forwards; }

@keyframes showTooltipTop {
  from {
    opacity: 0;
    margin-top: -30px; }
  to {
    opacity: 1;
    margin-top: 0; } }

@-webkit-keyframes showTooltipTop {
  from {
    opacity: 0;
    margin-top: -30px; }
  to {
    opacity: 1;
    margin-top: 0; } }

@keyframes showTooltipBottom {
  from {
    opacity: 0;
    margin-top: 30px; }
  to {
    opacity: 1;
    margin-top: 0; } }

@-webkit-keyframes showTooltipBottom {
  from {
    opacity: 0;
    margin-top: 30px; }
  to {
    opacity: 1;
    margin-top: 0; } }

@keyframes showTooltipLeft {
  from {
    opacity: 0;
    margin-left: -30px; }
  to {
    opacity: 1;
    margin-left: 0; } }

@-webkit-keyframes showTooltipLeft {
  from {
    opacity: 0;
    margin-left: -30px; }
  to {
    opacity: 1;
    margin-left: 0; } }

@keyframes showTooltipRight {
  from {
    opacity: 0;
    margin-left: 30px; }
  to {
    opacity: 1;
    margin-left: 0; } }

@-webkit-keyframes showTooltipRight {
  from {
    opacity: 0;
    margin-left: 30px; }
  to {
    opacity: 1;
    margin-left: 0; } }

@keyframes hideTooltipTop {
  from {
    opacity: 1;
    margin-top: 0px; }
  to {
    opacity: 0;
    margin-top: -30px; } }

@-webkit-keyframes hideTooltipTop {
  from {
    opacity: 1;
    margin-top: 0; }
  to {
    opacity: 0;
    margin-top: -30px; } }

@keyframes hideTooltipBottom {
  from {
    opacity: 1;
    margin-top: 0px; }
  to {
    opacity: 0;
    margin-top: 30px; } }

@-webkit-keyframes hideTooltipBottom {
  from {
    opacity: 1;
    margin-top: 0; }
  to {
    opacity: 0;
    margin-top: 30px; } }

@keyframes hideTooltipLeft {
  from {
    opacity: 1;
    margin-left: 0px; }
  to {
    opacity: 0;
    margin-left: -30px; } }

@-webkit-keyframes hideTooltipLeft {
  from {
    opacity: 1;
    margin-left: 0; }
  to {
    opacity: 0;
    margin-left: 30px; } }

@keyframes hideTooltipRight {
  from {
    opacity: 1;
    margin-left: 0px; }
  to {
    opacity: 0;
    margin-left: 30px; } }

@-webkit-keyframes hideTooltipRight {
  from {
    opacity: 1;
    margin-left: 0; }
  to {
    opacity: 0;
    margin-left: -30px; } }

@media (max-width: 450px) {
  .sl-tooltip {
    max-width: 100% !important;
    position: fixed !important;
    top: 0 !important;
    left: 0 !important;
    right: 0 !important;
    bottom: 0 !important;
    margin: auto !important; }
  /* Tooltip Animation for mobile */
  @keyframes showTooltipTop {
    from {
      opacity: 0;
      top: -30px;
      margin: auto; }
    to {
      opacity: 1;
      top: 0;
      margin: auto; } }
  @-webkit-keyframes showTooltipTop {
    from {
      opacity: 0;
      top: -30px;
      margin: auto; }
    to {
      opacity: 1;
      top: 0;
      margin: auto; } }
  @keyframes showTooltipBottom {
    from {
      opacity: 0;
      top: 30px;
      margin: auto; }
    to {
      opacity: 1;
      top: 0;
      margin: auto; } }
  @-webkit-keyframes showTooltipBottom {
    from {
      opacity: 0;
      top: 30px;
      margin: auto; }
    to {
      opacity: 1;
      top: 0;
      margin: auto; } }
  @keyframes showTooltipLeft {
    from {
      opacity: 0;
      left: -30px;
      margin: auto; }
    to {
      opacity: 1;
      left: 0;
      margin: auto; } }
  @-webkit-keyframes showTooltipLeft {
    from {
      opacity: 0;
      left: -30px;
      margin: auto; }
    to {
      opacity: 1;
      left: 0;
      margin: auto; } }
  @keyframes showTooltipRight {
    from {
      opacity: 0;
      left: 30px;
      margin: auto; }
    to {
      opacity: 1;
      left: 0;
      margin: auto; } }
  @-webkit-keyframes showTooltipRight {
    from {
      opacity: 0;
      left: 30px;
      margin: auto; }
    to {
      opacity: 1;
      left: 0;
      margin: auto; } }
  /* HIDE TOOLTIP ANIMATION */
  @keyframes showTooltipRight {
    from {
      opacity: 0;
      left: 30px;
      margin: auto; }
    to {
      opacity: 1;
      left: 0;
      margin: auto; } }
  @-webkit-keyframes showTooltipRight {
    from {
      opacity: 0;
      left: 30px;
      margin: auto; }
    to {
      opacity: 1;
      left: 0;
      margin: auto; } }
  /* TOOLTIP HIDE ANIMATIONS */
  @keyframes hideTooltipTop {
    from {
      opacity: 1;
      top: 0px;
      margin: auto; }
    to {
      opacity: 0;
      top: -30px;
      margin: auto; } }
  @-webkit-keyframes hideTooltipTop {
    from {
      opacity: 1;
      top: 0;
      margin: auto; }
    to {
      opacity: 0;
      top: -30px;
      margin: auto; } }
  @keyframes hideTooltipBottom {
    from {
      opacity: 1;
      top: 0px;
      margin: auto; }
    to {
      opacity: 0;
      top: 30px;
      margin: auto; } }
  @-webkit-keyframes hideTooltipBottom {
    from {
      opacity: 1;
      top: 0;
      margin: auto; }
    to {
      opacity: 0;
      top: 30px;
      margin: auto; } }
  @keyframes hideTooltipLeft {
    from {
      opacity: 1;
      left: 0px;
      margin: auto; }
    to {
      opacity: 0;
      left: -30px;
      margin: auto; } }
  @-webkit-keyframes hideTooltipLeft {
    from {
      opacity: 1;
      left: 0;
      margin: auto; }
    to {
      opacity: 0;
      left: 30px;
      margin: auto; } }
  @keyframes hideTooltipRight {
    from {
      opacity: 1;
      left: 0px;
      margin: auto; }
    to {
      opacity: 0;
      left: 30px;
      margin: auto; } }
  @-webkit-keyframes hideTooltipRight {
    from {
      opacity: 1;
      left: 0;
      margin: auto; }
    to {
      opacity: 0;
      left: -30px;
      margin: auto; } } }

#slContainer .sl-views-wrapper
.sl-frame-component.sl-tooltip {
  display: block;
  opacity: 1;
  left: auto;
  right: auto;
  bottom: auto;
  top: auto;
  position: absolute;
  border-radius: 4px; }
  #slContainer .sl-views-wrapper
.sl-frame-component.sl-tooltip.sl-position-top.sl-show-animation {
    -webkit-animation-name: showTooltipTop;
    animation-name: showTooltipTop;
    -webkit-animation-duration: 0.2s;
    animation-duration: 0.2s;
    animation-fill-mode: forwards; }
  #slContainer .sl-views-wrapper
.sl-frame-component.sl-tooltip.sl-position-top.sl-hide-animation {
    -webkit-animation-name: hideTooltipTop;
    animation-name: hideTooltipTop;
    -webkit-animation-duration: 0.2s;
    animation-duration: 0.2s;
    animation-fill-mode: forwards; }
  #slContainer .sl-views-wrapper
.sl-frame-component.sl-tooltip.sl-position-bottom.sl-show-animation {
    -webkit-animation-name: showTooltipBottom;
    animation-name: showTooltipBottom;
    -webkit-animation-duration: 0.2s;
    animation-duration: 0.2s;
    animation-fill-mode: forwards; }
  #slContainer .sl-views-wrapper
.sl-frame-component.sl-tooltip.sl-position-bottom.sl-hide-animation {
    -webkit-animation-name: hideTooltipBottom;
    animation-name: hideTooltipBottom;
    -webkit-animation-duration: 0.2s;
    animation-duration: 0.2s;
    animation-fill-mode: forwards; }
  #slContainer .sl-views-wrapper
.sl-frame-component.sl-tooltip.sl-position-left.sl-show-animation {
    -webkit-animation-name: showTooltipLeft;
    animation-name: showTooltipLeft;
    -webkit-animation-duration: 0.2s;
    animation-duration: 0.2s;
    animation-fill-mode: forwards; }
  #slContainer .sl-views-wrapper
.sl-frame-component.sl-tooltip.sl-position-left.sl-hide-animation {
    -webkit-animation-name: hideTooltipLeft;
    animation-name: hideTooltipLeft;
    -webkit-animation-duration: 0.2s;
    animation-duration: 0.2s;
    animation-fill-mode: forwards; }
  #slContainer .sl-views-wrapper
.sl-frame-component.sl-tooltip.sl-position-right.sl-show-animation {
    -webkit-animation-name: showTooltipRight;
    animation-name: showTooltipRight;
    -webkit-animation-duration: 0.2s;
    animation-duration: 0.2s;
    animation-fill-mode: forwards; }
  #slContainer .sl-views-wrapper
.sl-frame-component.sl-tooltip.sl-position-right.sl-hide-animation {
    -webkit-animation-name: hideTooltipRight;
    animation-name: hideTooltipRight;
    -webkit-animation-duration: 0.2s;
    animation-duration: 0.2s;
    animation-fill-mode: forwards; }

/* POPUP SHOW */
@keyframes showContainerFromLeft {
  from {
    left: -500px;
    opacity: 0; }
  to {
    left: 0px;
    opacity: 1; } }

@-webkit-keyframes showContainerFromLeft {
  from {
    left: -500px;
    opacity: 0; }
  to {
    left: 0px;
    opacity: 1; } }

@keyframes hideContainerFromLeft {
  from {
    left: 0px;
    opacity: 1; }
  to {
    left: -500px;
    opacity: 0; } }

@-webkit-keyframes hideContainerFromLeft {
  from {
    left: 0px;
    opacity: 1; }
  to {
    left: -500px;
    opacity: 0; } }

@keyframes showContainerFromRight {
  from {
    right: -500px;
    opacity: 0; }
  to {
    right: 0px;
    opacity: 1; } }

@-webkit-keyframes showContainerFromRight {
  from {
    right: -500px;
    opacity: 0; }
  to {
    right: 0px;
    opacity: 1; } }

@keyframes hideContainerFromRight {
  from {
    right: 0px;
    opacity: 1; }
  to {
    opacity: 0;
    right: -500px; } }

@-webkit-keyframes hideContainerFromRight {
  from {
    right: 0px;
    opacity: 1; }
  to {
    opacity: 0;
    right: -500px; } }

@keyframes showContainerFromTop {
  from {
    top: -500px;
    opacity: 0; }
  to {
    opacity: 1;
    top: 0px; } }

@-webkit-keyframes showContainerFromTop {
  from {
    top: -500px;
    opacity: 0; }
  to {
    opacity: 1;
    top: 0px; } }

@keyframes hideContainerFromTop {
  from {
    top: 0px;
    opacity: 1; }
  to {
    opacity: 0;
    top: -500px; } }

@-webkit-keyframes hideContainerFromTop {
  from {
    top: 0px;
    opacity: 1; }
  to {
    opacity: 0;
    top: -500px; } }

@keyframes showContainerFromBottom {
  from {
    bottom: -500px;
    opacity: 0; }
  to {
    opacity: 1;
    bottom: 0px; } }

@-webkit-keyframes showContainerFromBottom {
  from {
    bottom: -500px;
    opacity: 0; }
  to {
    opacity: 1;
    bottom: 0px; } }

@keyframes hideContainerFromBottom {
  from {
    bottom: 0px;
    opacity: 1; }
  to {
    opacity: 0;
    bottom: -500px; } }

@-webkit-keyframes hideContainerFromBottom {
  from {
    bottom: 0px;
    opacity: 1; }
  to {
    opacity: 0;
    bottom: -500px; } }

@keyframes showContainer {
  from {
    opacity: 0;
    -webkit-transform: scale(0.7);
    -moz-transform: scale(0.7);
    -o-transform: scale(0.7);
    transform: scale(0.7);
    -webkit-transform-origin: top bottom;
    -moz-transform-origin: top bottom;
    -o-transform-origin: top bottom;
    transform-origin: top bottom; }
  to {
    opacity: 1;
    -webkit-transform: scale(1);
    -moz-transform: scale(1);
    -o-transform: scale(1);
    transform: scale(1);
    -webkit-transform-origin: top bottom;
    -moz-transform-origin: top bottom;
    -o-transform-origin: top bottom;
    transform-origin: top bottom; } }

@-webkit-keyframes showContainer {
  from {
    opacity: 0;
    -webkit-transform: scale(0.7);
    -moz-transform: scale(0.7);
    -o-transform: scale(0.7);
    transform: scale(0.7);
    -webkit-transform-origin: top bottom;
    -moz-transform-origin: top bottom;
    -o-transform-origin: top bottom;
    transform-origin: top bottom; }
  to {
    opacity: 1;
    -webkit-transform: scale(1);
    -moz-transform: scale(1);
    -o-transform: scale(1);
    transform: scale(1);
    -webkit-transform-origin: top bottom;
    -moz-transform-origin: top bottom;
    -o-transform-origin: top bottom;
    transform-origin: top bottom; } }

@keyframes hideContainer {
  from {
    -webkit-transform: scale(1);
    -moz-transform: scale(1);
    -o-transform: scale(1);
    transform: scale(1);
    -webkit-transform-origin: top bottom;
    -moz-transform-origin: top bottom;
    -o-transform-origin: top bottom;
    transform-origin: top bottom;
    opacity: 1; }
  to {
    -webkit-transform: scale(0.6);
    -moz-transform: scale(0.6);
    -o-transform: scale(0.6);
    transform: scale(0.6);
    -webkit-transform-origin: top bottom;
    -moz-transform-origin: top bottom;
    -o-transform-origin: top bottom;
    transform-origin: top bottom;
    opacity: 0; } }

@-webkit-keyframes hideContainer {
  from {
    -webkit-transform: scale(1);
    -moz-transform: scale(1);
    -o-transform: scale(1);
    transform: scale(1);
    -webkit-transform-origin: top bottom;
    -moz-transform-origin: top bottom;
    -o-transform-origin: top bottom;
    transform-origin: top bottom;
    opacity: 1; }
  to {
    -webkit-transform: scale(0.6);
    -moz-transform: scale(0.6);
    -o-transform: scale(0.6);
    transform: scale(0.6);
    -webkit-transform-origin: top bottom;
    -moz-transform-origin: top bottom;
    -o-transform-origin: top bottom;
    transform-origin: top bottom;
    opacity: 0; } }

@keyframes showContainerShadow {
  from {
    opacity: 0;
    position: fixed; }
  to {
    opacity: 1;
    position: fixed; } }

@-webkit-keyframes showContainerShadow {
  from {
    opacity: 0;
    position: fixed; }
  to {
    opacity: 1;
    position: fixed; } }

@keyframes hideContainerShadow {
  from {
    opacity: 1;
    position: fixed; }
  to {
    opacity: 0;
    position: fixed; } }

@-webkit-keyframes hideContainerShadow {
  from {
    opacity: 1;
    position: fixed; }
  to {
    opacity: 0;
    position: fixed; } }

#slContainer .sl-views-wrapper
.sl-frame-component.sl-container {
  background: transparent;
  width: 100%;
  height: 100%;
  display: block;
  opacity: 1;
  left: auto;
  margin: auto;
  right: auto;
  bottom: auto;
  top: auto;
  position: fixed;
  border-radius: 4px;
  overflow: visible; }
  #slContainer .sl-views-wrapper
.sl-frame-component.sl-container.sl-position-center-middle {
    left: 0;
    right: 0;
    bottom: 0;
    top: 0;
    position: fixed; }
    #slContainer .sl-views-wrapper
.sl-frame-component.sl-container.sl-position-center-middle.sl-show-animation {
      -webkit-animation-name: showContainer;
      animation-name: showContainer;
      -webkit-animation-duration: 0.3s;
      animation-duration: 0.3s;
      animation-fill-mode: forwards; }
      #slContainer .sl-views-wrapper
.sl-frame-component.sl-container.sl-position-center-middle.sl-show-animation .sl-item-background-shade {
        -webkit-animation-name: showContainerShadow;
        animation-name: showContainerShadow;
        -webkit-animation-duration: 0.4s;
        animation-duration: 0.4s;
        animation-fill-mode: forwards;
        -webkit-transform: scale(15, 5);
        -moz-transform: scale(15, 5);
        -o-transform: scale(15, 5);
        transform: scale(15, 5);
        -webkit-transform-origin: top bottom;
        -moz-transform-origin: top bottom;
        -o-transform-origin: top bottom;
        transform-origin: top bottom; }
    #slContainer .sl-views-wrapper
.sl-frame-component.sl-container.sl-position-center-middle.sl-hide-animation {
      -webkit-animation-name: hideContainer;
      animation-name: hideContainer;
      -webkit-animation-duration: 0.4s;
      animation-duration: 0.4s;
      animation-fill-mode: forwards; }
      #slContainer .sl-views-wrapper
.sl-frame-component.sl-container.sl-position-center-middle.sl-hide-animation .sl-item-background-shade {
        -webkit-animation-name: hideContainerShadow;
        animation-name: hideContainerShadow;
        -webkit-animation-duration: 0.4s;
        animation-duration: 0.4s;
        animation-fill-mode: forwards;
        -webkit-transform: scale(15, 5);
        -moz-transform: scale(15, 5);
        -o-transform: scale(15, 5);
        transform: scale(15, 5);
        -webkit-transform-origin: top bottom;
        -moz-transform-origin: top bottom;
        -o-transform-origin: top bottom;
        transform-origin: top bottom; }
  #slContainer .sl-views-wrapper
.sl-frame-component.sl-container.sl-position-left-middle {
    bottom: 0;
    top: 0; }
    #slContainer .sl-views-wrapper
.sl-frame-component.sl-container.sl-position-left-middle.sl-show-animation {
      -webkit-animation-name: showContainerFromLeft;
      animation-name: showContainerFromLeft;
      -webkit-animation-duration: 0.3s;
      animation-duration: 0.3s;
      animation-fill-mode: forwards; }
    #slContainer .sl-views-wrapper
.sl-frame-component.sl-container.sl-position-left-middle.sl-hide-animation {
      -webkit-animation-name: hideContainerFromLeft;
      animation-name: hideContainerFromLeft;
      -webkit-animation-duration: 0.4s;
      animation-duration: 0.4s;
      animation-fill-mode: forwards; }
  #slContainer .sl-views-wrapper
.sl-frame-component.sl-container.sl-position-left-top {
    top: 0; }
    #slContainer .sl-views-wrapper
.sl-frame-component.sl-container.sl-position-left-top.sl-show-animation {
      -webkit-animation-name: showContainerFromLeft;
      animation-name: showContainerFromLeft;
      -webkit-animation-duration: 0.3s;
      animation-duration: 0.3s;
      animation-fill-mode: forwards; }
    #slContainer .sl-views-wrapper
.sl-frame-component.sl-container.sl-position-left-top.sl-hide-animation {
      -webkit-animation-name: hideContainerFromLeft;
      animation-name: hideContainerFromLeft;
      -webkit-animation-duration: 0.4s;
      animation-duration: 0.4s;
      animation-fill-mode: forwards; }
  #slContainer .sl-views-wrapper
.sl-frame-component.sl-container.sl-position-left-bottom {
    bottom: 0; }
    #slContainer .sl-views-wrapper
.sl-frame-component.sl-container.sl-position-left-bottom.sl-show-animation {
      -webkit-animation-name: showContainerFromLeft;
      animation-name: showContainerFromLeft;
      -webkit-animation-duration: 0.3s;
      animation-duration: 0.3s;
      animation-fill-mode: forwards; }
    #slContainer .sl-views-wrapper
.sl-frame-component.sl-container.sl-position-left-bottom.sl-hide-animation {
      -webkit-animation-name: hideContainerFromLeft;
      animation-name: hideContainerFromLeft;
      -webkit-animation-duration: 0.4s;
      animation-duration: 0.4s;
      animation-fill-mode: forwards; }
  #slContainer .sl-views-wrapper
.sl-frame-component.sl-container.sl-position-right-middle {
    bottom: 0;
    top: 0; }
    #slContainer .sl-views-wrapper
.sl-frame-component.sl-container.sl-position-right-middle.sl-show-animation {
      -webkit-animation-name: showContainerFromRight;
      animation-name: showContainerFromRight;
      -webkit-animation-duration: 0.3s;
      animation-duration: 0.3s;
      animation-fill-mode: forwards; }
    #slContainer .sl-views-wrapper
.sl-frame-component.sl-container.sl-position-right-middle.sl-hide-animation {
      -webkit-animation-name: hideContainerFromRight;
      animation-name: hideContainerFromRight;
      -webkit-animation-duration: 0.4s;
      animation-duration: 0.4s;
      animation-fill-mode: forwards; }
  #slContainer .sl-views-wrapper
.sl-frame-component.sl-container.sl-position-right-top {
    top: 0; }
    #slContainer .sl-views-wrapper
.sl-frame-component.sl-container.sl-position-right-top.sl-show-animation {
      -webkit-animation-name: showContainerFromRight;
      animation-name: showContainerFromRight;
      -webkit-animation-duration: 0.3s;
      animation-duration: 0.3s;
      animation-fill-mode: forwards; }
    #slContainer .sl-views-wrapper
.sl-frame-component.sl-container.sl-position-right-top.sl-hide-animation {
      -webkit-animation-name: hideContainerFromRight;
      animation-name: hideContainerFromRight;
      -webkit-animation-duration: 0.4s;
      animation-duration: 0.4s;
      animation-fill-mode: forwards; }
  #slContainer .sl-views-wrapper
.sl-frame-component.sl-container.sl-position-right-bottom {
    bottom: 0; }
    #slContainer .sl-views-wrapper
.sl-frame-component.sl-container.sl-position-right-bottom.sl-show-animation {
      -webkit-animation-name: showContainerFromRight;
      animation-name: showContainerFromRight;
      -webkit-animation-duration: 0.3s;
      animation-duration: 0.3s;
      animation-fill-mode: forwards; }
    #slContainer .sl-views-wrapper
.sl-frame-component.sl-container.sl-position-right-bottom.sl-hide-animation {
      -webkit-animation-name: hideContainerFromRight;
      animation-name: hideContainerFromRight;
      -webkit-animation-duration: 0.4s;
      animation-duration: 0.4s;
      animation-fill-mode: forwards; }
  #slContainer .sl-views-wrapper
.sl-frame-component.sl-container.sl-position-center-top {
    top: 0;
    left: 0;
    right: 0; }
    #slContainer .sl-views-wrapper
.sl-frame-component.sl-container.sl-position-center-top.sl-show-animation {
      -webkit-animation-name: showContainerFromTop;
      animation-name: showContainerFromTop;
      -webkit-animation-duration: 0.3s;
      animation-duration: 0.3s;
      animation-fill-mode: forwards; }
    #slContainer .sl-views-wrapper
.sl-frame-component.sl-container.sl-position-center-top.sl-hide-animation {
      -webkit-animation-name: hideContainerFromTop;
      animation-name: hideContainerFromTop;
      -webkit-animation-duration: 0.4s;
      animation-duration: 0.4s;
      animation-fill-mode: forwards; }
  #slContainer .sl-views-wrapper
.sl-frame-component.sl-container.sl-position-center-bottom {
    bottom: 0;
    left: 0;
    right: 0; }
    #slContainer .sl-views-wrapper
.sl-frame-component.sl-container.sl-position-center-bottom.sl-show-animation {
      -webkit-animation-name: showContainerFromBottom;
      animation-name: showContainerFromBottom;
      -webkit-animation-duration: 0.3s;
      animation-duration: 0.3s;
      animation-fill-mode: forwards; }
    #slContainer .sl-views-wrapper
.sl-frame-component.sl-container.sl-position-center-bottom.sl-hide-animation {
      -webkit-animation-name: hideContainerFromBottom;
      animation-name: hideContainerFromBottom;
      -webkit-animation-duration: 0.4s;
      animation-duration: 0.4s;
      animation-fill-mode: forwards; }

/* POPUP SHOW */
@keyframes showContainerFromLeft {
  from {
    left: -500px;
    opacity: 0; }
  to {
    left: 0px;
    opacity: 1; } }

@-webkit-keyframes showContainerFromLeft {
  from {
    left: -500px;
    opacity: 0; }
  to {
    left: 0px;
    opacity: 1; } }

@keyframes hideContainerFromLeft {
  from {
    left: 0px;
    opacity: 1; }
  to {
    left: -500px;
    opacity: 0; } }

@-webkit-keyframes hideContainerFromLeft {
  from {
    left: 0px;
    opacity: 1; }
  to {
    left: -500px;
    opacity: 0; } }

@keyframes showContainerFromRight {
  from {
    right: -500px;
    opacity: 0; }
  to {
    right: 0px;
    opacity: 1; } }

@-webkit-keyframes showContainerFromRight {
  from {
    right: -500px;
    opacity: 0; }
  to {
    right: 0px;
    opacity: 1; } }

@keyframes hideContainerFromRight {
  from {
    right: 0px;
    opacity: 1; }
  to {
    opacity: 0;
    right: -500px; } }

@-webkit-keyframes hideContainerFromRight {
  from {
    right: 0px;
    opacity: 1; }
  to {
    opacity: 0;
    right: -500px; } }

@keyframes showContainerFromTop {
  from {
    top: -500px;
    opacity: 0; }
  to {
    opacity: 1;
    top: 0px; } }

@-webkit-keyframes showContainerFromTop {
  from {
    top: -500px;
    opacity: 0; }
  to {
    opacity: 1;
    top: 0px; } }

@keyframes hideContainerFromTop {
  from {
    top: 0px;
    opacity: 1; }
  to {
    opacity: 0;
    top: -500px; } }

@-webkit-keyframes hideContainerFromTop {
  from {
    top: 0px;
    opacity: 1; }
  to {
    opacity: 0;
    top: -500px; } }

@keyframes showContainerFromBottom {
  from {
    bottom: -500px;
    opacity: 0; }
  to {
    opacity: 1;
    bottom: 0px; } }

@-webkit-keyframes showContainerFromBottom {
  from {
    bottom: -500px;
    opacity: 0; }
  to {
    opacity: 1;
    bottom: 0px; } }

@keyframes hideContainerFromBottom {
  from {
    bottom: 0px;
    opacity: 1; }
  to {
    opacity: 0;
    bottom: -500px; } }

@-webkit-keyframes hideContainerFromBottom {
  from {
    bottom: 0px;
    opacity: 1; }
  to {
    opacity: 0;
    bottom: -500px; } }

@keyframes showContainer {
  from {
    opacity: 0;
    -webkit-transform: scale(0.7);
    -moz-transform: scale(0.7);
    -o-transform: scale(0.7);
    transform: scale(0.7);
    -webkit-transform-origin: top bottom;
    -moz-transform-origin: top bottom;
    -o-transform-origin: top bottom;
    transform-origin: top bottom; }
  to {
    opacity: 1;
    -webkit-transform: scale(1);
    -moz-transform: scale(1);
    -o-transform: scale(1);
    transform: scale(1);
    -webkit-transform-origin: top bottom;
    -moz-transform-origin: top bottom;
    -o-transform-origin: top bottom;
    transform-origin: top bottom; } }

@-webkit-keyframes showContainer {
  from {
    opacity: 0;
    -webkit-transform: scale(0.7);
    -moz-transform: scale(0.7);
    -o-transform: scale(0.7);
    transform: scale(0.7);
    -webkit-transform-origin: top bottom;
    -moz-transform-origin: top bottom;
    -o-transform-origin: top bottom;
    transform-origin: top bottom; }
  to {
    opacity: 1;
    -webkit-transform: scale(1);
    -moz-transform: scale(1);
    -o-transform: scale(1);
    transform: scale(1);
    -webkit-transform-origin: top bottom;
    -moz-transform-origin: top bottom;
    -o-transform-origin: top bottom;
    transform-origin: top bottom; } }

@keyframes hideContainer {
  from {
    -webkit-transform: scale(1);
    -moz-transform: scale(1);
    -o-transform: scale(1);
    transform: scale(1);
    -webkit-transform-origin: top bottom;
    -moz-transform-origin: top bottom;
    -o-transform-origin: top bottom;
    transform-origin: top bottom;
    opacity: 1; }
  to {
    -webkit-transform: scale(0.6);
    -moz-transform: scale(0.6);
    -o-transform: scale(0.6);
    transform: scale(0.6);
    -webkit-transform-origin: top bottom;
    -moz-transform-origin: top bottom;
    -o-transform-origin: top bottom;
    transform-origin: top bottom;
    opacity: 0; } }

@-webkit-keyframes hideContainer {
  from {
    -webkit-transform: scale(1);
    -moz-transform: scale(1);
    -o-transform: scale(1);
    transform: scale(1);
    -webkit-transform-origin: top bottom;
    -moz-transform-origin: top bottom;
    -o-transform-origin: top bottom;
    transform-origin: top bottom;
    opacity: 1; }
  to {
    -webkit-transform: scale(0.6);
    -moz-transform: scale(0.6);
    -o-transform: scale(0.6);
    transform: scale(0.6);
    -webkit-transform-origin: top bottom;
    -moz-transform-origin: top bottom;
    -o-transform-origin: top bottom;
    transform-origin: top bottom;
    opacity: 0; } }

@keyframes showContainerShadow {
  from {
    opacity: 0;
    position: fixed; }
  to {
    opacity: 1;
    position: fixed; } }

@-webkit-keyframes showContainerShadow {
  from {
    opacity: 0;
    position: fixed; }
  to {
    opacity: 1;
    position: fixed; } }

@keyframes hideContainerShadow {
  from {
    opacity: 1;
    position: fixed; }
  to {
    opacity: 0;
    position: fixed; } }

@-webkit-keyframes hideContainerShadow {
  from {
    opacity: 1;
    position: fixed; }
  to {
    opacity: 0;
    position: fixed; } }

#slContainer .sl-views-wrapper
.sl-frame-component.sl-html-container {
  background: transparent;
  width: 100%;
  height: 100%;
  display: block;
  opacity: 1;
  left: auto;
  margin: auto;
  right: auto;
  bottom: auto;
  top: auto;
  position: fixed;
  border-radius: 4px;
  overflow: visible; }
  #slContainer .sl-views-wrapper
.sl-frame-component.sl-html-container.sl-position-center-middle {
    left: 0;
    right: 0;
    bottom: 0;
    top: 0;
    position: fixed; }
    #slContainer .sl-views-wrapper
.sl-frame-component.sl-html-container.sl-position-center-middle.sl-show-animation {
      -webkit-animation-name: showContainer;
      animation-name: showContainer;
      -webkit-animation-duration: 0.3s;
      animation-duration: 0.3s;
      animation-fill-mode: forwards; }
      #slContainer .sl-views-wrapper
.sl-frame-component.sl-html-container.sl-position-center-middle.sl-show-animation .sl-item-background-shade {
        -webkit-animation-name: showContainerShadow;
        animation-name: showContainerShadow;
        -webkit-animation-duration: 0.4s;
        animation-duration: 0.4s;
        animation-fill-mode: forwards;
        -webkit-transform: scale(15, 5);
        -moz-transform: scale(15, 5);
        -o-transform: scale(15, 5);
        transform: scale(15, 5);
        -webkit-transform-origin: top bottom;
        -moz-transform-origin: top bottom;
        -o-transform-origin: top bottom;
        transform-origin: top bottom; }
    #slContainer .sl-views-wrapper
.sl-frame-component.sl-html-container.sl-position-center-middle.sl-hide-animation {
      -webkit-animation-name: hideContainer;
      animation-name: hideContainer;
      -webkit-animation-duration: 0.4s;
      animation-duration: 0.4s;
      animation-fill-mode: forwards; }
      #slContainer .sl-views-wrapper
.sl-frame-component.sl-html-container.sl-position-center-middle.sl-hide-animation .sl-item-background-shade {
        -webkit-animation-name: hideContainerShadow;
        animation-name: hideContainerShadow;
        -webkit-animation-duration: 0.4s;
        animation-duration: 0.4s;
        animation-fill-mode: forwards;
        -webkit-transform: scale(15, 5);
        -moz-transform: scale(15, 5);
        -o-transform: scale(15, 5);
        transform: scale(15, 5);
        -webkit-transform-origin: top bottom;
        -moz-transform-origin: top bottom;
        -o-transform-origin: top bottom;
        transform-origin: top bottom; }
  #slContainer .sl-views-wrapper
.sl-frame-component.sl-html-container.sl-position-left-middle {
    bottom: 0;
    top: 0; }
    #slContainer .sl-views-wrapper
.sl-frame-component.sl-html-container.sl-position-left-middle.sl-show-animation {
      -webkit-animation-name: showContainerFromLeft;
      animation-name: showContainerFromLeft;
      -webkit-animation-duration: 0.3s;
      animation-duration: 0.3s;
      animation-fill-mode: forwards; }
    #slContainer .sl-views-wrapper
.sl-frame-component.sl-html-container.sl-position-left-middle.sl-hide-animation {
      -webkit-animation-name: hideContainerFromLeft;
      animation-name: hideContainerFromLeft;
      -webkit-animation-duration: 0.4s;
      animation-duration: 0.4s;
      animation-fill-mode: forwards; }
  #slContainer .sl-views-wrapper
.sl-frame-component.sl-html-container.sl-position-left-top {
    top: 0; }
    #slContainer .sl-views-wrapper
.sl-frame-component.sl-html-container.sl-position-left-top.sl-show-animation {
      -webkit-animation-name: showContainerFromLeft;
      animation-name: showContainerFromLeft;
      -webkit-animation-duration: 0.3s;
      animation-duration: 0.3s;
      animation-fill-mode: forwards; }
    #slContainer .sl-views-wrapper
.sl-frame-component.sl-html-container.sl-position-left-top.sl-hide-animation {
      -webkit-animation-name: hideContainerFromLeft;
      animation-name: hideContainerFromLeft;
      -webkit-animation-duration: 0.4s;
      animation-duration: 0.4s;
      animation-fill-mode: forwards; }
  #slContainer .sl-views-wrapper
.sl-frame-component.sl-html-container.sl-position-left-bottom {
    bottom: 0; }
    #slContainer .sl-views-wrapper
.sl-frame-component.sl-html-container.sl-position-left-bottom.sl-show-animation {
      -webkit-animation-name: showContainerFromLeft;
      animation-name: showContainerFromLeft;
      -webkit-animation-duration: 0.3s;
      animation-duration: 0.3s;
      animation-fill-mode: forwards; }
    #slContainer .sl-views-wrapper
.sl-frame-component.sl-html-container.sl-position-left-bottom.sl-hide-animation {
      -webkit-animation-name: hideContainerFromLeft;
      animation-name: hideContainerFromLeft;
      -webkit-animation-duration: 0.4s;
      animation-duration: 0.4s;
      animation-fill-mode: forwards; }
  #slContainer .sl-views-wrapper
.sl-frame-component.sl-html-container.sl-position-right-middle {
    bottom: 0;
    top: 0; }
    #slContainer .sl-views-wrapper
.sl-frame-component.sl-html-container.sl-position-right-middle.sl-show-animation {
      -webkit-animation-name: showContainerFromRight;
      animation-name: showContainerFromRight;
      -webkit-animation-duration: 0.3s;
      animation-duration: 0.3s;
      animation-fill-mode: forwards; }
    #slContainer .sl-views-wrapper
.sl-frame-component.sl-html-container.sl-position-right-middle.sl-hide-animation {
      -webkit-animation-name: hideContainerFromRight;
      animation-name: hideContainerFromRight;
      -webkit-animation-duration: 0.4s;
      animation-duration: 0.4s;
      animation-fill-mode: forwards; }
  #slContainer .sl-views-wrapper
.sl-frame-component.sl-html-container.sl-position-right-top {
    top: 0; }
    #slContainer .sl-views-wrapper
.sl-frame-component.sl-html-container.sl-position-right-top.sl-show-animation {
      -webkit-animation-name: showContainerFromRight;
      animation-name: showContainerFromRight;
      -webkit-animation-duration: 0.3s;
      animation-duration: 0.3s;
      animation-fill-mode: forwards; }
    #slContainer .sl-views-wrapper
.sl-frame-component.sl-html-container.sl-position-right-top.sl-hide-animation {
      -webkit-animation-name: hideContainerFromRight;
      animation-name: hideContainerFromRight;
      -webkit-animation-duration: 0.4s;
      animation-duration: 0.4s;
      animation-fill-mode: forwards; }
  #slContainer .sl-views-wrapper
.sl-frame-component.sl-html-container.sl-position-right-bottom {
    bottom: 0; }
    #slContainer .sl-views-wrapper
.sl-frame-component.sl-html-container.sl-position-right-bottom.sl-show-animation {
      -webkit-animation-name: showContainerFromRight;
      animation-name: showContainerFromRight;
      -webkit-animation-duration: 0.3s;
      animation-duration: 0.3s;
      animation-fill-mode: forwards; }
    #slContainer .sl-views-wrapper
.sl-frame-component.sl-html-container.sl-position-right-bottom.sl-hide-animation {
      -webkit-animation-name: hideContainerFromRight;
      animation-name: hideContainerFromRight;
      -webkit-animation-duration: 0.4s;
      animation-duration: 0.4s;
      animation-fill-mode: forwards; }
  #slContainer .sl-views-wrapper
.sl-frame-component.sl-html-container.sl-position-center-top {
    top: 0;
    left: 0;
    right: 0; }
    #slContainer .sl-views-wrapper
.sl-frame-component.sl-html-container.sl-position-center-top.sl-show-animation {
      -webkit-animation-name: showContainerFromTop;
      animation-name: showContainerFromTop;
      -webkit-animation-duration: 0.3s;
      animation-duration: 0.3s;
      animation-fill-mode: forwards; }
    #slContainer .sl-views-wrapper
.sl-frame-component.sl-html-container.sl-position-center-top.sl-hide-animation {
      -webkit-animation-name: hideContainerFromTop;
      animation-name: hideContainerFromTop;
      -webkit-animation-duration: 0.4s;
      animation-duration: 0.4s;
      animation-fill-mode: forwards; }
  #slContainer .sl-views-wrapper
.sl-frame-component.sl-html-container.sl-position-center-bottom {
    bottom: 0;
    left: 0;
    right: 0; }
    #slContainer .sl-views-wrapper
.sl-frame-component.sl-html-container.sl-position-center-bottom.sl-show-animation {
      -webkit-animation-name: showContainerFromBottom;
      animation-name: showContainerFromBottom;
      -webkit-animation-duration: 0.3s;
      animation-duration: 0.3s;
      animation-fill-mode: forwards; }
    #slContainer .sl-views-wrapper
.sl-frame-component.sl-html-container.sl-position-center-bottom.sl-hide-animation {
      -webkit-animation-name: hideContainerFromBottom;
      animation-name: hideContainerFromBottom;
      -webkit-animation-duration: 0.4s;
      animation-duration: 0.4s;
      animation-fill-mode: forwards; }
</style></head><iframe style="width: 0px; height: 0px; display: none;"></iframe>
    <body data-engine-version="0.5.36" class="chakra-ui-light">
        <div id="root"><script>!function(){var d=document.documentElement,n='data-iceberg-theme',s='setAttribute';d[s](n,'loblaw')}()</script><div id="site-layout" class="site-layout site-layout--desktop site-layout--loblaw" data-customer-is-anonymous="true" tabindex="-1"><div class="site-layout__header" data-auid="header"><div class="accessibility-links"><a href="#site-content" class="skip-to sr-only sr-only-focusable " data-is-external-link="true">Skip to Main Content</a><a href="#site-footer" class="skip-to sr-only sr-only-focusable " data-is-external-link="true">Skip to Footer</a></div><div class="h-12 flex flex-row text-sm items-center space-x-5 bg-iceberg-masthead-top-bar-background px-3 py-2 gap-4 text-iceberg-masthead-top-bar-foreground border-y border-y-iceberg-masthead-top-bar-border iceberg-site-banner pr-0" data-testid="iceberg-masthead-topbar"><div class="flex-1" data-testid="iceberg-masthead-left"><div class="flex flex-row items-center space-x-2" role="alert"><div class="font-noir font-normal text-xs text-iceberg-masthead-top-bar-foreground" data-testid="iceberg-top-bar-message"><div class="mode-transition__transition"><span class="mode-transition__transition__text">New to online grocery shopping? <button class="mode-transition__transition__button"> Learn more about our transparent fee structure.</button></span></div></div></div></div><div class="shrink-0" data-testid="iceberg-masthead-right"><div class="w-full flex flex-row items-center"><span class="iceberg-site-banner__list__item iceberg-site-banner__list__item--pc-optimum"><a class="iceberg-site-banner__list__item__link iceberg-site-banner__list__item__link--anchor iceberg-site-banner__list__item__link--exp-BX-2651-change-location-font-color" data-auid="pc-optimum-offers-link" href="/loyalty?navid=superheader"><span class="iceberg-site-banner__list__item__link__text"><span>PC Optimum</span></span></a></span><span class="iceberg-site-banner__list__item iceberg-site-banner__list__item--faq"><a class="iceberg-site-banner__list__item__link iceberg-site-banner__list__item__link--anchor iceberg-site-banner__list__item__link--exp-BX-2651-change-location-font-color" title="FAQ" data-auid="faq-link" href="/faq?navid=superheader"><span class="iceberg-site-banner__list__item__link__text">FAQ</span></a></span><span class="iceberg-site-banner__list__item"><span class="site-language-toggle site-language-toggle--iceberg-site-banner"><button class="site-language-toggle__item" data-language-code="fr" data-auid="language-toggle-button">FR</button></span></span></div></div></div><div class="site-header-wrapper"><div class="site-header-wrapper__header"><header class="site-header site-header--desktop site-header--exp-BX-2651-unhide-logo" data-cruller="site-header"><div class="desktop-site-header desktop-site-header--exp-BX-2651-shift-logo-far-left desktop-site-header--exp-BX-2651-reduce-flex-booking-selector desktop-site-header--logo-reversed desktop-site-header--rapid-mode-enabled"><div class="desktop-site-header__logo"><a class="logo logo--banner logo--rapid-mode-enabled logo--is-active" href="/"><img class="logo__image logo__image--loblaw logo__image--banner logo__image--rapid-mode-enabled logo__image--is-active" alt="Loblaws homepage" src="https://dis-prod.assetful.loblaw.ca/content/dam/loblaw-companies-limited/creative-assets/logos/pcx-banner-logos-/loblaw-reverse_v2.svg"></a><a class="logo logo--rapid logo--rapid-mode-enabled" href="/rapid-delivery"><img class="logo__image logo__image--rapid-logo-desktop logo__image--rapid logo__image--rapid-mode-enabled" alt="Rapid homepage" src="https://dis-prod.assetful.loblaw.ca/content/dam/loblaw-companies-limited/creative-assets/bolt/rapid-mode-logo.svg"></a></div><div class="desktop-site-header__search-form"><div class="flex items-center h-[50px]" data-testid="search-form"><div class="inline-flex flex-col relative w-full text-black mt-0" data-testid="autocomplete"><label id="react-aria9810145600-:r3:" for="react-aria9810145600-:r2:" class="block text-sm font-medium text-iceberg-lighter-grey text-left sr-only">Search for product</label><div class="relative"><input type="text" class="flex h-10 w-full rounded-md border border-input bg-background px-3 py-2 text-sm ring-offset-background file:border-0 file:bg-transparent file:text-sm file:font-medium placeholder:text-muted-foreground focus-visible:outline-none focus-visible:ring-2 focus-visible:ring-ring focus-visible:ring-offset-2 disabled:cursor-not-allowed disabled:opacity-50 whitespace-nowrap overflow-hidden text-ellipsis pt-[5px] pr-[80px] pb-[5px] pl-[15px]" data-testid="autocomplete-input" aria-autocomplete="list" autocomplete="off" placeholder="Search for product" id="react-aria9810145600-:r2:" aria-labelledby="react-aria9810145600-:r3:" role="combobox" aria-expanded="false" autocorrect="off" spellcheck="false" value=""><div class="flex absolute right-2 top-0 h-7 gap-2 items-center mt-1.5"><button class="inline-flex items-center justify-center whitespace-nowrap rounded-md text-sm font-medium ring-offset-background transition-colors focus-visible:outline-none focus-visible:ring-2 focus-visible:ring-offset-2 disabled:pointer-events-none disabled:opacity-50 mr-2 h-5 w-5 right-0 top-3 bg-transparent text-iceberg-black hover:bg-transparent focus-visible:ring-iceberg-lighter-grey" data-testid="submit-search" title="Submit Search" aria-label="Submit Search" type="submit"><svg xmlns="http://www.w3.org/2000/svg" width="24" height="24" viewBox="0 0 24 24" fill="none" stroke="currentColor" stroke-width="2" stroke-linecap="round" stroke-linejoin="round" class="lucide lucide-search"><circle cx="11" cy="11" r="8"></circle><path d="m21 21-4.3-4.3"></path></svg></button></div></div></div></div></div><div class="desktop-site-header__booking-selector"><div class="booking-selector"><div class="fulfillment-mode"><button data-cruller="fulfillment-mode-button" data-cruller-extra="fulfillment-mode-button--autolocalized" class="fulfillment-mode-button fulfillment-mode-button--start-order" aria-expanded="false" aria-label="View location: Ogilvie Road"><div class="fulfillment-mode-button__content"><div class="fulfillment-mode-button__content__location" data-cruller="current-location"><svg class="MuiSvgIcon-root fulfillment-mode-button__icon" focusable="false" viewBox="0 0 24 24" aria-hidden="true"><path d="M12 2C8.13 2 5 5.13 5 9c0 5.25 7 13 7 13s7-7.75 7-13c0-3.87-3.13-7-7-7zM7 9c0-2.76 2.24-5 5-5s5 2.24 5 5c0 2.88-2.88 7.19-5 9.88C9.92 16.21 7 11.85 7 9z"></path><circle cx="12" cy="9" r="2.5"></circle></svg><span>Ogilvie Road</span></div></div></button></div></div></div></div><div class="menu-bar"><div class="menu-bar__navigation"><nav class="primary-nav" aria-label="Main navigation"><ul class="primary-nav__list primary-nav__list--level-0" data-code="root"><li class="primary-nav__list__item primary-nav__list__item--with-children"><button class="primary-nav__list__item__link primary-nav__list__item__link--banner" data-code="xp-455-food-departments" aria-expanded="false" data-aria-current="false"><span class="primary-nav__list__item__link__text">Grocery</span><svg class="MuiSvgIcon-root primary-nav__list__item__link__icon" focusable="false" viewBox="0 0 24 24" aria-hidden="true" style="font-size: 24px;"><path d="M16.59 8.59L12 13.17 7.41 8.59 6 10l6 6 6-6z"></path></svg></button><ul class="primary-nav__list primary-nav__list--level-1" data-code="xp-455-food-departments"><li class="primary-nav__list__item primary-nav__list__item--state-hover primary-nav__list__item--state-active primary-nav__list__item--with-children"><a class="primary-nav__list__item__link" data-code="/collection/summer-insiders" aria-expanded="true" data-aria-current="page" href="/collection/summer-insiders?navid=flyout-L2- mkt-summer-shop-sir-market"><span class="primary-nav__list__item__link__text">Summer Shop</span></a><ul class="primary-nav__list primary-nav__list--level-2" data-code=" mkt-summer-shop-sir-market"><li class="primary-nav__list__item primary-nav__list__item--see-all" data-code=" mkt-summer-shop-sir-market"><a class="primary-nav__list__item__link" data-code=" mkt-summer-shop-sir-market" href="/collection/summer-insiders?navid=flyout-L2-see-all-Summer-Shop"><span class="primary-nav__list__item__link__text">See All Summer Shop</span></a></li><div class="nav-columns column-count--3"><li class="primary-nav__list__item"><a class="primary-nav__list__item__link" data-code="/collection/summer-insiders" href="/collection/summer-insiders?navid=flyout-L3-mkt-sir-nav-summer-shop" style="min-height: 0px;"><span class="primary-nav__list__item__link__text" style="font-weight: 600; text-decoration: underline;">Shop the PC® Insiders Report™</span></a></li><li class="primary-nav__list__item"><a class="primary-nav__list__item__link" data-code="/collection/summer-insiders-new" href="/collection/summer-insiders-new?navid=flyout-L3-mkt-sir-nav-summer-shop-must-trys"><span class="primary-nav__list__item__link__text">Summer Must Trys</span></a></li><li class="primary-nav__list__item"><a class="primary-nav__list__item__link" data-code="/collection/summer-insiders-grilling-entrees" href="/collection/summer-insiders-grilling-entrees?navid=flyout-L3-mkt-sir-nav-summer-shop-grilling"><span class="primary-nav__list__item__link__text">PC® Grilling &amp; More</span></a></li><li class="primary-nav__list__item"><a class="primary-nav__list__item__link" data-code="/collection/summer-insiders-desserts" href="/collection/summer-insiders-desserts?navid=flyout-L3-mkt-sir-nav-summer-shop-ice-cream-desserts"><span class="primary-nav__list__item__link__text">Ice Cream &amp; Desserts</span></a></li><li class="primary-nav__list__item"><a class="primary-nav__list__item__link" data-code="/collection/summer-insiders-drinks" href="/collection/summer-insiders-drinks?navid=flyout-L3-mkt-sir-nav-summer-shop-drinks"><span class="primary-nav__list__item__link__text">Refreshing sips</span></a></li><li class="primary-nav__list__item"><a class="primary-nav__list__item__link" data-code="/collection/summer-insiders-international" href="/collection/summer-insiders-international?navid=flyout-L3-mkt-sir-nav-summer-shop-international"><span class="primary-nav__list__item__link__text">Flavours From Around the World</span></a></li><li class="primary-nav__list__item"><a class="primary-nav__list__item__link" data-code="/collection/summer-insiders-breakfast" href="/collection/summer-insiders-breakfast?navid=flyout-L3-mkt-sir-nav-summer-shop-breakfast"><span class="primary-nav__list__item__link__text">PC® Breakfast</span></a></li><li class="primary-nav__list__item"><a class="primary-nav__list__item__link" data-code="/collection/food-lovers-featured-picks" href="/collection/food-lovers-featured-picks?navid=flyout-L3-mkt-dmap-brand-picks-p11-halloween" style="min-height: 0px;"><span class="primary-nav__list__item__link__text" style="font-weight: 600; text-decoration: underline;">Food Lovers Featured Picks</span></a></li><li class="primary-nav__list__item"><a class="primary-nav__list__item__link" data-code="/collection/grilling" href="/collection/grilling?navid=flyout-L3-mkt-grilling-nav-seasonal-fathers-day" style="min-height: 0px;"><span class="primary-nav__list__item__link__text" style="font-weight: 600; text-decoration: underline;">Father’s Day Grilling</span></a></li><li class="primary-nav__list__item"><a class="primary-nav__list__item__link" data-code="27995" href="/lawn-garden-patio/c/27995?navid=flyout-L3-mkt-seasonal-garden-centre-now-open" style="min-height: 0px;"><span class="primary-nav__list__item__link__text" style="font-weight: 600; text-decoration: underline;">The Garden Centre Is Open</span></a></li><li class="primary-nav__list__item"><a class="primary-nav__list__item__link" data-code="/collection/inseason-produce" href="/collection/inseason-produce?navid=flyout-L3-mkt-in-season-produce-nav-seasonal" style="min-height: 0px;"><span class="primary-nav__list__item__link__text" style="font-weight: 600; text-decoration: underline;">In-Season Produce</span></a></li><li class="primary-nav__list__item"><a class="primary-nav__list__item__link" data-code="/collection/cakes-and-flowers-to-celebrate" href="/collection/cakes-and-flowers-to-celebrate?navid=flyout-L3-mkt-summer-shop-floral-celebration" style="min-height: 0px;"><span class="primary-nav__list__item__link__text" style="font-weight: 600; text-decoration: underline;">Graduation Shop</span></a></li><li class="primary-nav__list__item"><a class="primary-nav__list__item__link" data-code="/collection/summer-weekend-essentials" href="/collection/summer-weekend-essentials?navid=flyout-L3-mkt-summer-shop-summer-essentials" style="min-height: 0px;"><span class="primary-nav__list__item__link__text" style="font-weight: 600; text-decoration: underline;">Summer Essentials</span></a></li><li class="primary-nav__list__item"><a class="primary-nav__list__item__link" data-code="/collection/summer-weekend-essentials-suncare-outdoor-goods" href="/collection/summer-weekend-essentials-suncare-outdoor-goods?navid=flyout-L3-mkt-summer-shop-summer-essentials-suncare"><span class="primary-nav__list__item__link__text">Sun Care &amp; Insect Repellent</span></a></li><li class="primary-nav__list__item"><a class="primary-nav__list__item__link" data-code="/collection/summer-weekend-essentials-snacks" href="/collection/summer-weekend-essentials-snacks?navid=flyout-L3-mkt-summer-shop-summer-essentials-snacks"><span class="primary-nav__list__item__link__text">Drinks &amp; Snacks</span></a></li><li class="primary-nav__list__item"><a class="primary-nav__list__item__link" data-code="/collection/summer-weekend-essentials-desserts" href="/collection/summer-weekend-essentials-desserts?navid=flyout-L3-mkt-summer-shop-summer-essentials-ice-cream-desserts"><span class="primary-nav__list__item__link__text">Ice Cream &amp; Popsicles</span></a></li><li class="primary-nav__list__item"><a class="primary-nav__list__item__link" data-code="/collection/eid-al-adha" href="/collection/eid-al-adha?navid=flyout-L3-mkt-summer-shop-eid-al-adha" style="min-height: 0px;"><span class="primary-nav__list__item__link__text" style="font-weight: 600; text-decoration: underline;">Eid-al-Adha</span></a></li><li class="primary-nav__list__item"><a class="primary-nav__list__item__link" data-code="/collection/dragon-boat-festival" href="/collection/dragon-boat-festival?navid=flyout-L3-mkt-summer-shop-dragon-boat-festival" style="min-height: 0px;"><span class="primary-nav__list__item__link__text" style="font-weight: 600; text-decoration: underline;">Dragon Boat Festival</span></a></li></div></ul></li><li class="primary-nav__list__item primary-nav__list__item--with-children"><a class="primary-nav__list__item__link" data-code="28000" aria-expanded="false" href="/food/fruits-vegetables/c/28000?navid=flyout-L2-fruits-vegetables"><span class="primary-nav__list__item__link__text">Fruits &amp; Vegetables</span></a></li><li class="primary-nav__list__item primary-nav__list__item--with-children"><a class="primary-nav__list__item__link" data-code="28003" aria-expanded="false" href="/food/dairy-eggs/c/28003?navid=flyout-L2-Dairy-and-Eggs"><span class="primary-nav__list__item__link__text">Dairy &amp; Eggs</span></a></li><li class="primary-nav__list__item primary-nav__list__item--with-children"><a class="primary-nav__list__item__link" data-code="28006" aria-expanded="false" href="/food/pantry/c/28006?navid=flyout-L2-Pantry"><span class="primary-nav__list__item__link__text">Pantry</span></a></li><li class="primary-nav__list__item primary-nav__list__item--with-children"><a class="primary-nav__list__item__link" data-code="58044" aria-expanded="false" href="/food/international-foods/c/58044?navid=flyout-L2-International-Foods"><span class="primary-nav__list__item__link__text">International Foods</span></a></li><li class="primary-nav__list__item primary-nav__list__item--with-children"><a class="primary-nav__list__item__link" data-code="27998" aria-expanded="false" href="/food/meat/c/27998?navid=flyout-L2-Meat"><span class="primary-nav__list__item__link__text">Meat</span></a></li><li class="primary-nav__list__item primary-nav__list__item--with-children"><a class="primary-nav__list__item__link" data-code="27999" aria-expanded="false" href="/food/fish-seafood/c/27999?navid=flyout-L2-Fish-and-Seafood"><span class="primary-nav__list__item__link__text">Fish &amp; Seafood</span></a></li><li class="primary-nav__list__item primary-nav__list__item--with-children"><a class="primary-nav__list__item__link" data-code="57025" aria-expanded="false" href="/food/snacks-chips-candy/c/57025?navid=flyout-L2-snacks-chips-and-candy"><span class="primary-nav__list__item__link__text">Snacks, Chips &amp; Candy</span></a></li><li class="primary-nav__list__item primary-nav__list__item--with-children"><a class="primary-nav__list__item__link" data-code="28004" aria-expanded="false" href="/food/drinks/c/28004?navid=flyout-L2-Drinks"><span class="primary-nav__list__item__link__text">Drinks</span></a></li><li class="primary-nav__list__item primary-nav__list__item--with-children"><a class="primary-nav__list__item__link" data-code="28005" aria-expanded="false" href="/food/frozen-food/c/28005?navid=flyout-L2-frozen-food"><span class="primary-nav__list__item__link__text">Frozen Food</span></a></li><li class="primary-nav__list__item primary-nav__list__item--with-children"><a class="primary-nav__list__item__link" data-code="28189" aria-expanded="false" href="/food/natural-and-organic/c/28189?navid=flyout-L2-Natural-Organic"><span class="primary-nav__list__item__link__text">Natural and Organic</span></a></li><li class="primary-nav__list__item primary-nav__list__item--with-children"><a class="primary-nav__list__item__link" data-code="28001" aria-expanded="false" href="/food/deli/c/28001?navid=flyout-L2-Deli"><span class="primary-nav__list__item__link__text">Deli</span></a></li><li class="primary-nav__list__item primary-nav__list__item--with-children"><a class="primary-nav__list__item__link" data-code="28002" aria-expanded="false" href="/food/bakery/c/28002?navid=flyout-L2-Bakery"><span class="primary-nav__list__item__link__text">Bakery</span></a></li><li class="primary-nav__list__item primary-nav__list__item--with-children"><a class="primary-nav__list__item__link" data-code="27996" aria-expanded="false" href="/food/prepared-meals/c/27996?navid=flyout-L2-Prepared-Meals"><span class="primary-nav__list__item__link__text">Prepared Meals</span></a></li><li class="primary-nav__list__item"><a class="primary-nav__list__item__link" data-code="58821" href="/floral-shop/c/58821?navid=flyout-L2-FloralShop"><span class="primary-nav__list__item__link__text">Floral Shop</span></a></li></ul></li><li class="primary-nav__list__item primary-nav__list__item--with-children"><button class="primary-nav__list__item__link primary-nav__list__item__link--banner" data-code="xp-455-nonfood-departments" aria-expanded="false" data-aria-current="false"><span class="primary-nav__list__item__link__text">Home, Beauty &amp; Baby</span><svg class="MuiSvgIcon-root primary-nav__list__item__link__icon" focusable="false" viewBox="0 0 24 24" aria-hidden="true" style="font-size: 24px;"><path d="M16.59 8.59L12 13.17 7.41 8.59 6 10l6 6 6-6z"></path></svg></button><ul class="primary-nav__list primary-nav__list--level-1" data-code="xp-455-nonfood-departments"><li class="primary-nav__list__item primary-nav__list__item--state-hover primary-nav__list__item--state-active primary-nav__list__item--with-children"><a class="primary-nav__list__item__link" data-code="27987" aria-expanded="true" data-aria-current="page" href="/baby/c/27987?navid=flyout-L2-Baby"><span class="primary-nav__list__item__link__text">Baby</span></a><ul class="primary-nav__list primary-nav__list--level-2" data-code="Baby"><li class="primary-nav__list__item primary-nav__list__item--see-all" data-code="Baby"><a class="primary-nav__list__item__link" data-code="Baby" href="/baby/c/27987?navid=flyout-L2-see-all-Baby"><span class="primary-nav__list__item__link__text">See All Baby</span></a></li><div class="nav-columns column-count--3"><li class="primary-nav__list__item"><a class="primary-nav__list__item__link" data-code="27987" href="/baby/c/27987?navid=flyout-L3-baby-hub" style="min-height: 0px;"><span class="primary-nav__list__item__link__text" style="font-weight: 600; text-decoration: underline;">Baby Shop</span></a></li><li class="primary-nav__list__item"><a class="primary-nav__list__item__link" data-code="28031" href="/baby/nursing-feeding/c/28031?navid=flyout-L3-Nursing-and-Feeding" style="min-height: 0px;"><span class="primary-nav__list__item__link__text" style="font-weight: 600; text-decoration: underline;">Nursing &amp; Feeding</span></a></li><li class="primary-nav__list__item"><a class="primary-nav__list__item__link" data-code="42410" href="/baby/nursing-feeding/baby-formula/baby-food/c/42410?navid=flyout-L3-Baby Food"><span class="primary-nav__list__item__link__text">Baby Food</span></a></li><li class="primary-nav__list__item"><a class="primary-nav__list__item__link" data-code="28480" href="/baby-formula/c/28480?navid=flyout-L3-Baby Formula"><span class="primary-nav__list__item__link__text">Baby Formula</span></a></li><li class="primary-nav__list__item"><a class="primary-nav__list__item__link" data-code="28481" href="/baby/nursing-feeding/bottles-accessories/c/28481?navid=flyout-L3-Bottles &amp; Accessories"><span class="primary-nav__list__item__link__text">Bottles &amp; Accessories</span></a></li><li class="primary-nav__list__item"><a class="primary-nav__list__item__link" data-code="28030" href="/baby/changing-potty-training/c/28030?navid=flyout-L3-Changing-and-Potty-Training" style="min-height: 0px;"><span class="primary-nav__list__item__link__text" style="font-weight: 600; text-decoration: underline;">Diapers &amp; Potty Training</span></a></li><li class="primary-nav__list__item"><a class="primary-nav__list__item__link" data-code="28159" href="/baby/changing-potty-training/diapers/c/28159?navid=flyout-L3-Diapers"><span class="primary-nav__list__item__link__text">Diapers</span></a></li><li class="primary-nav__list__item"><a class="primary-nav__list__item__link" data-code="28478" href="/baby/changing-potty-training/baby-wipes/c/28478?navid=flyout-L3-Wipes"><span class="primary-nav__list__item__link__text">Wipes</span></a></li><li class="primary-nav__list__item"><a class="primary-nav__list__item__link" data-code="28415" href="/baby/baby-accessories/baby-toiletries/c/28415?navid=flyout-L3-Baby Toiletries" style="min-height: 0px;"><span class="primary-nav__list__item__link__text" style="font-weight: 600; text-decoration: underline;">Baby Toiletries</span></a></li><li class="primary-nav__list__item"><a class="primary-nav__list__item__link" data-code="30888" href="/baby/baby-accessories/baby-toiletries/baby-skin-care/c/30888?navid=flyout-L3-Baby Skin Care"><span class="primary-nav__list__item__link__text">Baby Skin Care</span></a></li><li class="primary-nav__list__item"><a class="primary-nav__list__item__link" data-code="28026" href="/baby/baby-safety/c/28026?navid=flyout-L3-Baby-Safety" style="min-height: 0px;"><span class="primary-nav__list__item__link__text" style="font-weight: 600; text-decoration: underline;">Baby Safety</span></a></li><li class="primary-nav__list__item"><a class="primary-nav__list__item__link" data-code="28028" href="/baby/baby-toys/c/28028?navid=flyout-L3-Baby-Toys" style="min-height: 0px;"><span class="primary-nav__list__item__link__text" style="font-weight: 600; text-decoration: underline;">Baby Toys</span></a></li><li class="primary-nav__list__item"><a class="primary-nav__list__item__link" data-code="28029" href="/baby/car-seats-strollers/c/28029?navid=flyout-L3-Car-Seats-and-Strollers" style="min-height: 0px;"><span class="primary-nav__list__item__link__text" style="font-weight: 600; text-decoration: underline;">Car Seats &amp; Strollers</span></a></li><li class="primary-nav__list__item"><a class="primary-nav__list__item__link" data-code="28032" href="/baby/gear/c/28032?navid=flyout-L3-Gear" style="min-height: 0px;"><span class="primary-nav__list__item__link__text" style="font-weight: 600; text-decoration: underline;">Gear</span></a></li><li class="primary-nav__list__item"><a class="primary-nav__list__item__link" data-code="28034" href="/baby/nursery/c/28034?navid=flyout-L3-Nursery" style="min-height: 0px;"><span class="primary-nav__list__item__link__text" style="font-weight: 600; text-decoration: underline;">Nursery</span></a></li><li class="primary-nav__list__item"><a class="primary-nav__list__item__link" data-code="28035" href="/baby/pregnancy-maternity/c/28035?navid=flyout-L3-Pregnancy-and-Maternity" style="min-height: 0px;"><span class="primary-nav__list__item__link__text" style="font-weight: 600; text-decoration: underline;">Pregnancy &amp; Maternity</span></a></li></div><li class="primary-nav__list primary-nav__list--promos"><div class="block-wrapper block-wrapper--block-type-block-linked-image" data-cms-id="1j6tbph1xdlQ7CsGLfr3pp"><div class="block-wrapper__content" style="padding: 0px;"></div></div></li></ul></li><li class="primary-nav__list__item primary-nav__list__item--with-children"><a class="primary-nav__list__item__link" data-code="27988" aria-expanded="false" href="/pet-supplies/c/27988?navid=flyout-L2-Pet-Food-Supplies"><span class="primary-nav__list__item__link__text">Pet Food &amp; Supplies</span></a></li><li class="primary-nav__list__item primary-nav__list__item--with-children"><a class="primary-nav__list__item__link" data-code="28011" aria-expanded="false" href="/home-and-living/household-cleaning-products/c/28011?navid=flyout-L2-Household-and-Cleaning-Products"><span class="primary-nav__list__item__link__text">Household Supplies</span></a></li><li class="primary-nav__list__item primary-nav__list__item--with-children"><a class="primary-nav__list__item__link" data-code="27986" aria-expanded="false" href="/home-and-living/c/27986?navid=flyout-L2-Home &amp; Kitchen"><span class="primary-nav__list__item__link__text">Home &amp; Kitchen</span></a></li><li class="primary-nav__list__item primary-nav__list__item--with-children"><a class="primary-nav__list__item__link" data-code="27991" aria-expanded="false" href="/office-school-supplies/c/27991?navid=flyout-L2-School-and-Office-Supplies"><span class="primary-nav__list__item__link__text">School &amp; Office Supplies</span></a></li><li class="primary-nav__list__item primary-nav__list__item--with-children"><a class="primary-nav__list__item__link" data-code="27994" aria-expanded="false" href="/health-beauty/c/27994?navid=flyout-L2-Health-and-Beauty"><span class="primary-nav__list__item__link__text">Health &amp; Beauty</span></a></li><li class="primary-nav__list__item primary-nav__list__item--with-children"><a class="primary-nav__list__item__link" data-code="27990" aria-expanded="false" href="/toys-games-hobbies/c/27990?navid=flyout-L2-Toys-Games-and-Party-Supplies"><span class="primary-nav__list__item__link__text">Toys, Games &amp; Party Supplies</span></a></li><li class="primary-nav__list__item primary-nav__list__item--with-children"><a class="primary-nav__list__item__link" data-code="27992" aria-expanded="false" href="/computers-electronics/c/27992?navid=flyout-L2-Electronics &amp; Batteries "><span class="primary-nav__list__item__link__text">Electronics &amp; Batteries </span></a></li><li class="primary-nav__list__item primary-nav__list__item--with-children"><a class="primary-nav__list__item__link" data-code="27995" aria-expanded="false" href="/lawn-garden-patio/c/27995?navid=flyout-L2-Lawn-Garden-Patio-pcx"><span class="primary-nav__list__item__link__text">Lawn, Garden &amp; Patio</span></a></li></ul></li><li class="primary-nav__list__item primary-nav__list__item--with-children"><button class="primary-nav__list__item__link primary-nav__list__item__link--banner" data-code="xp-455-joe-fresh" aria-expanded="false" data-aria-current="false"><span class="primary-nav__list__item__link__text">Joe Fresh</span><svg class="MuiSvgIcon-root primary-nav__list__item__link__icon" focusable="false" viewBox="0 0 24 24" aria-hidden="true" style="font-size: 24px;"><path d="M16.59 8.59L12 13.17 7.41 8.59 6 10l6 6 6-6z"></path></svg></button><ul class="primary-nav__list primary-nav__list--level-1" data-code="xp-455-joe-fresh"><li class="primary-nav__list__item primary-nav__list__item--state-hover primary-nav__list__item--state-active primary-nav__list__item--with-children"><a class="primary-nav__list__item__link" data-code="56017" aria-expanded="true" data-aria-current="page" href="/joe-fresh/c/56017?navid=flyout-L2-jf-shops" style="min-height: 0px;"><span class="primary-nav__list__item__link__text" style="font-weight: 600; text-decoration: underline;">Seasonal Shops</span></a><ul class="primary-nav__list primary-nav__list--level-2" data-code="jf-shops"><li class="primary-nav__list__item primary-nav__list__item--see-all" data-code="jf-shops"><a class="primary-nav__list__item__link" data-code="jf-shops" href="/joe-fresh/c/56017?navid=flyout-L2-see-all-Seasonal-Shops"><span class="primary-nav__list__item__link__text">See All Seasonal Shops</span></a></li><div class="nav-columns column-count--1"><li class="primary-nav__list__item"><a class="primary-nav__list__item__link" data-code="/collections/joe-fresh-family-rain-shop" href="/collections/joe-fresh-family-rain-shop?navid=flyout-L3-family-rain-shop" style="min-height: 0px;"><span class="primary-nav__list__item__link__text" style="font-weight: 600; text-decoration: underline;">Family Rain Shop</span></a></li></div></ul></li><li class="primary-nav__list__item primary-nav__list__item--with-children"><a class="primary-nav__list__item__link" data-code="56018?navid=flyout-L2-joe-fresh-women" aria-expanded="false" href="/joe-fresh/women/c/56018?navid=flyout-L2-joe-fresh-women&amp;navid=jf-womens" style="min-height: 0px;"><span class="primary-nav__list__item__link__text" style="font-weight: 600; text-decoration: underline;">Womens</span></a></li><li class="primary-nav__list__item primary-nav__list__item--with-children"><a class="primary-nav__list__item__link" data-code="56216" aria-expanded="false" href="/joe-fresh/men/c/56216?navid=flyout-L2-joe-fresh-men" style="min-height: 0px;"><span class="primary-nav__list__item__link__text" style="font-weight: 600; text-decoration: underline;">Men</span></a></li><li class="primary-nav__list__item primary-nav__list__item--with-children"><a class="primary-nav__list__item__link" data-code="56343" aria-expanded="false" href="/joe-fresh/girls/c/56343?navid=flyout-L2-joe-fresh-girls" style="min-height: 0px;"><span class="primary-nav__list__item__link__text" style="font-weight: 600; text-decoration: underline;">Kid Girls</span></a></li><li class="primary-nav__list__item primary-nav__list__item--with-children"><a class="primary-nav__list__item__link" data-code="56482" aria-expanded="false" href="/joe-fresh/boys/c/56482?navid=flyout-L2-joe-fresh-boys" style="min-height: 0px;"><span class="primary-nav__list__item__link__text" style="font-weight: 600; text-decoration: underline;">Kid Boys</span></a></li><li class="primary-nav__list__item primary-nav__list__item--with-children"><a class="primary-nav__list__item__link" data-code="56573" aria-expanded="false" href="/joe-fresh/toddlers/girls/c/56573?navid=flyout-L2-joe-fresh-toddlers" style="min-height: 0px;"><span class="primary-nav__list__item__link__text" style="font-weight: 600; text-decoration: underline;">Toddler Girl</span></a></li><li class="primary-nav__list__item primary-nav__list__item--with-children"><a class="primary-nav__list__item__link" data-code="56574" aria-expanded="false" href="/joe-fresh/toddlers/boys/c/56574?navid=flyout-L2-Toddler Boy" style="min-height: 0px;"><span class="primary-nav__list__item__link__text" style="font-weight: 600; text-decoration: underline;">Toddler Boys</span></a></li><li class="primary-nav__list__item primary-nav__list__item--with-children"><a class="primary-nav__list__item__link" data-code="56770" aria-expanded="false" href="/joe-fresh/baby/c/56770?navid=flyout-L2-joe-fresh-baby" style="min-height: 0px;"><span class="primary-nav__list__item__link__text" style="font-weight: 600; text-decoration: underline;">Baby</span></a></li></ul></li><li class="primary-nav__list__item primary-nav__list__item--with-children"><button class="primary-nav__list__item__link" data-code="WhatsNew" aria-expanded="false" data-aria-current="false"><span class="primary-nav__list__item__link__text">Discover</span><svg class="MuiSvgIcon-root primary-nav__list__item__link__icon" focusable="false" viewBox="0 0 24 24" aria-hidden="true" style="font-size: 24px;"><path d="M16.59 8.59L12 13.17 7.41 8.59 6 10l6 6 6-6z"></path></svg></button><ul class="primary-nav__list primary-nav__list--level-1" data-code="WhatsNew"><li class="primary-nav__list__item"><a class="primary-nav__list__item__link" data-code="/collection/new-arrivals" href="/collection/new-arrivals?navid=flyout-L2-mkt-new-arrivals-nav-discovery"><span class="primary-nav__list__item__link__text">New Arrivals</span></a></li><li class="primary-nav__list__item"><a class="primary-nav__list__item__link" data-code="/collection/summer-insiders-new" href="/collection/summer-insiders-new?navid=flyout-L2-mkt-sir-nav-discover-must-trys"><span class="primary-nav__list__item__link__text">Summer Must Trys</span></a></li><li class="primary-nav__list__item"><a href="https://www.pcoptimum.ca/events/summer-insiders-report/sir-2024-emagazine?navid=flyout-L2-mkt-sir-nav-discover-digital-book" aria-describedby="describe-link-opens-new-tab" target="_blank" rel="noopener noreferrer" class="primary-nav__list__item__link" data-code="https://www.pcoptimum.ca/events/summer-insiders-report/sir-2024-emagazine" data-is-external-link="true"><span class="primary-nav__list__item__link__text">Explore the Report here</span></a></li><li class="primary-nav__list__item"><a class="primary-nav__list__item__link" data-code="/collection/catering-trays" href="/collection/catering-trays?navid=flyout-L2-mkt-catering-trays-nav-discovery"><span class="primary-nav__list__item__link__text">Party Platters</span></a></li><li class="primary-nav__list__item"><a class="primary-nav__list__item__link" data-code="/collection/cakes" href="/collection/cakes?navid=flyout-L2-mkt-cakes-discover"><span class="primary-nav__list__item__link__text">Celebration Cakes</span></a></li><li class="primary-nav__list__item"><a class="primary-nav__list__item__link" data-code="/collection/fresh-meals" href="/collection/fresh-meals?navid=flyout-L2-mkt-discover-fresh-meals"><span class="primary-nav__list__item__link__text">Shop Fresh Meals</span></a></li><li class="primary-nav__list__item"><a class="primary-nav__list__item__link" data-code="/local-condiments-on" href="/local-condiments-on?navid=flyout-L2-mkt-discovery-local-condiments-ontario"><span class="primary-nav__list__item__link__text">Shop Local, Support Local</span></a></li><li class="primary-nav__list__item"><a class="primary-nav__list__item__link" data-code="/browse-by-brand" href="/browse-by-brand?navid=flyout-L2-Browse By Brand"><span class="primary-nav__list__item__link__text">Browse By Brand</span></a></li><li class="primary-nav__list__item"><a class="primary-nav__list__item__link" data-code="/print-flyer?flyer_run_id=1017565&amp;flyer_type_name=generalmerchandise" href="/print-flyer?flyer_run_id=1017565&amp;flyer_type_name=generalmerchandise&amp;navid=mkt-seasonal-h-and-e-summer-book"><span class="primary-nav__list__item__link__text">Summer Outdoor Living Collection</span></a></li></ul></li><li class="primary-nav__list__item primary-nav__list__item--with-children"><button class="primary-nav__list__item__link" data-code="my-shop" aria-expanded="false" data-aria-current="false"><span class="primary-nav__list__item__link__text">My Shop</span><svg class="MuiSvgIcon-root primary-nav__list__item__link__icon" focusable="false" viewBox="0 0 24 24" aria-hidden="true" style="font-size: 24px;"><path d="M16.59 8.59L12 13.17 7.41 8.59 6 10l6 6 6-6z"></path></svg></button><ul class="primary-nav__list primary-nav__list--level-1" data-code="my-shop"><li class="primary-nav__list__item"><a class="primary-nav__list__item__link" data-code="/myshop" href="/myshop?navid=flyout-L2-QuickShopMostPurchasedNode"><span class="primary-nav__list__item__link__text">Most Purchased</span></a></li><li class="primary-nav__list__item"><a class="primary-nav__list__item__link" data-code="/myshop/past-orders" href="/myshop/past-orders?navid=flyout-L2-past-orders"><span class="primary-nav__list__item__link__text">Past Orders</span></a></li><li class="primary-nav__list__item"><a class="primary-nav__list__item__link" data-code="/myshop/aisles" href="/myshop/aisles?navid=flyout-L2-myshop-aisles"><span class="primary-nav__list__item__link__text">Aisles</span></a></li><li class="primary-nav__list__item"><a class="primary-nav__list__item__link" data-code="/lists" href="/lists?navid=flyout-L2-Shopping-List"><span class="primary-nav__list__item__link__text">Shopping List</span></a></li></ul></li><li class="primary-nav__list__item primary-nav__list__item--with-children"><button class="primary-nav__list__item__link" data-code="flyers-deals" aria-expanded="false" data-aria-current="false"><span class="primary-nav__list__item__link__text">Flyers &amp; Deals</span><svg class="MuiSvgIcon-root primary-nav__list__item__link__icon" focusable="false" viewBox="0 0 24 24" aria-hidden="true" style="font-size: 24px;"><path d="M16.59 8.59L12 13.17 7.41 8.59 6 10l6 6 6-6z"></path></svg></button><ul class="primary-nav__list primary-nav__list--level-1" data-code="flyers-deals"><li class="primary-nav__list__item"><a class="primary-nav__list__item__link" data-code="/print-flyer" href="/print-flyer?navid=flyout-L2-Flyer"><span class="primary-nav__list__item__link__text">Flyer</span></a></li><li class="primary-nav__list__item"><a class="primary-nav__list__item__link" data-code="/deals/all" href="/deals/all?navid=flyout-L2-All-Deals"><span class="primary-nav__list__item__link__text">All Deals</span></a></li><li class="primary-nav__list__item"><a class="primary-nav__list__item__link" data-code="/collection/hit-of-the-month" href="/collection/hit-of-the-month?navid=flyout-L2-mkt-flyers-deals-hit-of-the-month"><span class="primary-nav__list__item__link__text">Hit of the Month</span></a></li><li class="primary-nav__list__item"><a class="primary-nav__list__item__link" data-code="/collection/price-drop" href="/collection/price-drop?navid=flyout-L2-flyer-deals-nav-mkt-price-drop"><span class="primary-nav__list__item__link__text">Price Drop</span></a></li><li class="primary-nav__list__item"><a href="https://www.pcoptimum.ca/load?page=MKDigitalCoupon20230202&amp;utm_source=pco-web&amp;utm_medium=internal-referral&amp;utm_campaign=20230202_W5_P2_eng_campaign-pcx____&amp;navid=flyer-deals-nav-mkt-digital-coupons" aria-describedby="describe-link-opens-new-tab" target="_blank" rel="noopener noreferrer" class="primary-nav__list__item__link" data-code="https://www.pcoptimum.ca/load?page=MKDigitalCoupon20230202&amp;utm_source=pco-web&amp;utm_medium=internal-referral&amp;utm_campaign=20230202_W5_P2_eng_campaign-pcx____" data-is-external-link="true"><span class="primary-nav__list__item__link__text">Digital Coupons</span></a></li><li class="primary-nav__list__item"><a class="primary-nav__list__item__link" data-code="/loyalty" href="/loyalty?navid=flyout-L2-flyer-deals-nav-mkt-pco-loyalty"><span class="primary-nav__list__item__link__text">PC Optimum Offers</span></a></li><li class="primary-nav__list__item"><a class="primary-nav__list__item__link" data-code="57025" href="/food/snacks-chips-candy/c/57025?navid=flyout-L2-flyer-deals-nav-mkt-candy-offer"><span class="primary-nav__list__item__link__text">5,000 Pts on Snacks, Chips, Candy</span></a></li><li class="primary-nav__list__item"><a class="primary-nav__list__item__link" data-code="/collection/grilling" href="/collection/grilling?navid=flyout-L2-flyer-deals-nav-mkt-meat-offer"><span class="primary-nav__list__item__link__text">5K pts on marinated meats</span></a></li></ul></li><li class="primary-nav__list__item primary-nav__list__item--with-children"><button class="primary-nav__list__item__link" data-code="services" aria-expanded="false" data-aria-current="false"><span class="primary-nav__list__item__link__text">Services</span><svg class="MuiSvgIcon-root primary-nav__list__item__link__icon" focusable="false" viewBox="0 0 24 24" aria-hidden="true" style="font-size: 24px;"><path d="M16.59 8.59L12 13.17 7.41 8.59 6 10l6 6 6-6z"></path></svg></button><ul class="primary-nav__list primary-nav__list--level-1" data-code="services"><li class="primary-nav__list__item"><a class="primary-nav__list__item__link" data-code="/pharmacy" href="/pharmacy?navid=flyout-L2-Pharmacy"><span class="primary-nav__list__item__link__text">Pharmacy</span></a></li><li class="primary-nav__list__item"><a href="https://www.dietitianservices.ca?navid=flyout-L2-Dietitians" aria-describedby="describe-link-opens-new-tab" target="_blank" rel="noopener noreferrer" class="primary-nav__list__item__link" data-code="https://www.dietitianservices.ca" data-is-external-link="true"><span class="primary-nav__list__item__link__text">Dietitians</span></a></li><li class="primary-nav__list__item"><a class="primary-nav__list__item__link" data-code="/optical?navid=optical" href="/optical?navid=optical&amp;navid=Optical"><span class="primary-nav__list__item__link__text">Optical</span></a></li><li class="primary-nav__list__item"><a class="primary-nav__list__item__link" data-code="/medical-clinics?navid=medical-clinics" href="/medical-clinics?navid=medical-clinics&amp;navid=Medical Clinics"><span class="primary-nav__list__item__link__text">Medical Clinics</span></a></li><li class="primary-nav__list__item"><a href="https://s7d1.scene7.com/is/content/loblaw/loblaw-companies-limited/creative-assets/grocery/2023/wk47/cs-12536---ad-hoc-party-platter-pdfs/2502014_mkt_party_platter_menu_price_2023_en_ROC36_.pdf?navid=flyout-L2-services-mkt-party-platters-ROC" aria-describedby="describe-link-opens-new-tab" target="_blank" rel="noopener noreferrer" class="primary-nav__list__item__link" data-code="https://s7d1.scene7.com/is/content/loblaw/loblaw-companies-limited/creative-assets/grocery/2023/wk47/cs-12536---ad-hoc-party-platter-pdfs/2502014_mkt_party_platter_menu_price_2023_en_ROC36_.pdf" data-is-external-link="true"><span class="primary-nav__list__item__link__text">Party Platters - Full Brochure</span></a></li></ul></li><li class="primary-nav__list__item"><a class="primary-nav__list__item__link" data-code="/pc-express-pass" href="/pc-express-pass?navid=flyout-L1-PCXPass"><span class="primary-nav__list__item__link__text">PC Express Pass</span></a></li></ul></nav></div><div class="menu-bar__account menu-bar__account--exp-BX-2651-shift-flyout-down"><div class="header-account-links"><div class="header-account-links__item"><div class="account account--exp-BX-2651-login-font-color"><a class="sign-in account__login-link" data-track="headerSignInLink" data-auid="account-login-button" href="/account/login?redirect=/"><svg class="MuiSvgIcon-root account__login-link__icon" focusable="false" viewBox="0 0 24 24" aria-hidden="true" style="font-size: 16px;"><path d="M12 2C6.48 2 2 6.48 2 12s4.48 10 10 10 10-4.48 10-10S17.52 2 12 2zM7.07 18.28c.43-.9 3.05-1.78 4.93-1.78s4.51.88 4.93 1.78C15.57 19.36 13.86 20 12 20s-3.57-.64-4.93-1.72zm11.29-1.45c-1.43-1.74-4.9-2.33-6.36-2.33s-4.93.59-6.36 2.33C4.62 15.49 4 13.82 4 12c0-4.41 3.59-8 8-8s8 3.59 8 8c0 1.82-.62 3.49-1.64 4.83zM12 6c-1.94 0-3.5 1.56-3.5 3.5S10.06 13 12 13s3.5-1.56 3.5-3.5S13.94 6 12 6zm0 5c-.83 0-1.5-.67-1.5-1.5S11.17 8 12 8s1.5.67 1.5 1.5S12.83 11 12 11z"></path></svg>Sign In</a></div></div></div></div><div class="menu-bar__mini-cart" data-auid="mini-cart"><div class="mini-cart mini-cart--inactive" data-cruller="conditional-content-inactive"><button class="desktop-mini-cart-button" data-track="headerMiniCartButton" data-auid="mini-cart-button" aria-expanded="false" alt="Review Cart" data-testid="mini-cart-button"><span class="sr-only sr-only-focusable">Review Cart</span><div class="cart-item-count cart-item-count--length-0"><svg class="MuiSvgIcon-root cart-item-count__icon" focusable="false" viewBox="0 0 24 24" aria-hidden="true"><path d="M15.55 13c.75 0 1.41-.41 1.75-1.03l3.58-6.49c.37-.66-.11-1.48-.87-1.48H5.21l-.94-2H1v2h2l3.6 7.59-1.35 2.44C4.52 15.37 5.48 17 7 17h12v-2H7l1.1-2h7.45zM6.16 6h12.15l-2.76 5H8.53L6.16 6zM7 18c-1.1 0-1.99.9-1.99 2S5.9 22 7 22s2-.9 2-2-.9-2-2-2zm10 0c-1.1 0-1.99.9-1.99 2s.89 2 1.99 2 2-.9 2-2-.9-2-2-2z"></path></svg><span class="cart-item-count__text" data-cruller="mini-cart-item-count">0</span></div><div class="desktop-mini-cart-button__subtotal"><span class="cart-subtotal"><span data-cruller="cart-subtotal-text">$0.00</span></span></div><svg class="MuiSvgIcon-root desktop-mini-cart-button__icon" focusable="false" viewBox="0 0 24 24" aria-hidden="true" style="font-size: 18px;"><path d="M16.59 8.59L12 13.17 7.41 8.59 6 10l6 6 6-6z"></path></svg></button><div class="mini-cart__flyout" data-track-product-component="mini-cart" data-auid="mini-cart-flyout" data-cruller="mini-cart-flyout"><div class="cart-empty-warning"><p class="text text--small6 text--left text--default-color cart-empty-warning cart-empty-warning--text" role="status" tabindex="0">Your cart is empty</p></div><div class="cart-summary"><div class="cart-summary__content"><div class="cart-summary__content__subtotal"><span class="cart-summary__content__subtotal__text">Subtotal: </span><span class="cart-summary__content__subtotal__value">$0.00</span></div><button class="checkout-button checkout-button--cart-summary checkout-button--disabled" data-auid="checkout-button" data-cruller="checkout-button" disabled="" aria-disabled="true">Checkout</button></div></div></div></div></div><button class="checkout-button checkout-button--menu-bar checkout-button--disabled" data-auid="checkout-button" data-cruller="checkout-button" disabled="" aria-disabled="true">Checkout</button></div></header></div></div></div><div class="site-layout__content" style="margin-top: 0px;"><main class="site-content" id="site-content"><div class="view-resolver-component"><div class="css-1bju4e2"><div role="region" class="css-1b2i814"><div class="splide splide--loop splide--ltr splide--draggable is-active is-overflow is-initialized" aria-label="Banners" extensions="[object Object]" id="splide01" role="region" aria-roledescription="carousel"><div class="splide__arrows splide__arrows--ltr"><button class="splide__arrow splide__arrow--prev" type="button" aria-label="Go to last slide" aria-controls="splide01-track"><svg xmlns="http://www.w3.org/2000/svg" viewBox="0 0 40 40" width="40" height="40" focusable="false"><path d="m15.5 0.932-4.3 4.38 14.5 14.6-14.5 14.5 4.3 4.4 14.6-14.6 4.4-4.3-4.4-4.4-14.6-14.6z"></path></svg></button><button class="splide__arrow splide__arrow--next" type="button" aria-label="Next slide" aria-controls="splide01-track"><svg xmlns="http://www.w3.org/2000/svg" viewBox="0 0 40 40" width="40" height="40" focusable="false"><path d="m15.5 0.932-4.3 4.38 14.5 14.6-14.5 14.5 4.3 4.4 14.6-14.6 4.4-4.3-4.4-4.4-14.6-14.6z"></path></svg></button></div><div class="splide__track splide__track--loop splide__track--ltr splide__track--draggable" id="splide01-track" style="padding-left: 0px; padding-right: 0px; transition: height 0.4s ease 0s; height: 300px;"><div class="splide__list" id="splide01-list" role="presentation" style="transform: translateX(-3840px); align-items: flex-start;"><div class="splide__slide splide__slide--clone" id="splide01-clone01" role="tabpanel" aria-roledescription="slide" aria-label="slide 3" style="width: calc(100%);" aria-hidden="true"><div class="banner-container css-7pga0g"><div class="chakra-container banner-wrapper css-362cmi" data-testid="section"><div class="banner-content css-1f0jobw"><div class="badges-text-content css-k008qs"><div class="logo-text-content css-k008qs"><h2 class="chakra-text css-13is3q4" data-testid="banner-title">Fire Up For Father's Day</h2><span class="chakra-text css-xstlix" data-testid="banner-body">Celebrate Dad with a family cookout full of flavour and fun</span></div></div><div class="chakra-stack css-3p39qh"><a class="chakra-link promo-btn css-3qun7d" data-testid="banner-promo-button-0" href="/collection/grilling?icid=gr_grilling_productcarousel_5_hp" tabindex="-1">Shop all</a></div></div><div class="banner-media css-14bm7b5"><img alt="" src="https://dis-prod.assetful.loblaw.ca/content/dam/loblaw-companies-limited/creative-assets/grocery/2024/wk25/cs-13059_mkt_p7-assets/fathers-day/hero-filled/wk25_mkt_web-hero-filled_fathers-day_b1_bil.png?imwidth=856" loading="lazy" class="chakra-image css-0" data-testid="banner-image" data-splide-lazy="https://dis-prod.assetful.loblaw.ca/content/dam/loblaw-companies-limited/creative-assets/grocery/2024/wk25/cs-13059_mkt_p7-assets/fathers-day/hero-filled/wk25_mkt_web-hero-filled_fathers-day_b1_bil.png?imwidth=856"><span class="splide__spinner"></span></div></div></div></div><div class="splide__slide splide__slide--clone is-loading is-prev" id="splide01-clone02" role="tabpanel" aria-roledescription="slide" aria-label="slide 4" style="width: calc(100%);" aria-hidden="true"><div class="banner-container css-mfml5m"><div class="chakra-container banner-wrapper css-362cmi" data-testid="section"><div class="banner-content css-914yyi"><div class="badges-text-content css-k008qs"><div class="logo-text-content css-k008qs"><h2 class="chakra-text css-13is3q4" data-testid="banner-title">Shop Fresh Prepared Meals </h2><span class="chakra-text css-xstlix" data-testid="banner-body">Enjoy these easy, familiar favourites</span></div></div><div class="chakra-stack css-3p39qh"><a class="chakra-link promo-btn css-xgrybd" data-testid="banner-promo-button-0" href="/collection/fresh-meals?icid=gr_fresh-meals_hero_4_hp" tabindex="-1">Shop Now</a></div></div><div class="banner-media css-14bm7b5"><img alt="" src="https://dis-prod.assetful.loblaw.ca/content/dam/loblaw-companies-limited/creative-assets/grocery/2024/market/p3/fresh-meals/hero-filled/wk9-12_mkt_fresh-meals_web-hero-banner-filled_b1_bil.jpg?imwidth=856" loading="lazy" class="chakra-image css-0" data-testid="banner-image"><span class="splide__spinner"></span></div></div></div></div><div class="splide__slide is-active is-visible" id="splide01-slide01" role="tabpanel" aria-roledescription="slide" aria-label="slide 1" style="width: calc(100%);"><div class="banner-container css-81tgib"><div class="chakra-container banner-wrapper css-362cmi" data-testid="section"><div class="banner-content css-1az1ol2"><div class="badges-text-content css-k008qs"><div class="logo-text-content css-k008qs"><p class="chakra-text css-ym2y5a" data-testid="banner-super-headline">Valid until June 30th. </p><h2 class="chakra-text css-13is3q4" data-testid="banner-title">Hit of the Month</h2><span class="chakra-text css-xstlix" data-testid="banner-body">Get lower than low prices every month. Shop this month's deal.</span></div></div><div class="chakra-stack css-3p39qh"><a class="chakra-link promo-btn css-3qun7d" data-testid="banner-promo-button-0" href="/collection/hit-of-the-month?icid=gr_hit-of-the-month_hero_2_hp">Shop Now</a></div></div><div class="banner-media css-14bm7b5"><img alt="" src="https://dis-prod.assetful.loblaw.ca/content/dam/loblaw-companies-limited/creative-assets/grocery/2023/wk21/cs-12962_mkt_hotm/web-hero/east/wk23-24_mkt_HOTM_east_web-hero-banner-filled_b1_en.png?imwidth=856" loading="lazy" class="chakra-image css-0" data-testid="banner-image"></div></div></div></div><div class="splide__slide is-loading is-next" id="splide01-slide02" role="tabpanel" aria-roledescription="slide" aria-label="slide 2" style="width: calc(100%);" aria-hidden="true"><div class="banner-container css-1ih9d8p"><div class="chakra-container banner-wrapper css-362cmi" data-testid="section"><div class="banner-content css-125hbyp"><div class="badges-text-content css-k008qs"><div class="logo-text-content css-k008qs"><h2 class="chakra-text css-13is3q4" data-testid="banner-title">Satisfy your sweet cravings</h2><span class="chakra-text css-xstlix" data-testid="banner-body">You deserve a frosty dessert. Get yours with PC Express</span></div></div><div class="chakra-stack css-3p39qh"><a class="chakra-link promo-btn css-3qun7d" data-testid="banner-promo-button-0" href="/collection/summer-insiders-desserts?icid=gr_summer-insiders-desserts_hero_2_hp" tabindex="-1">Shop Now</a><a class="chakra-link promo-btn css-3qun7d" data-testid="banner-promo-button-1" href="https://www.pcoptimum.ca/events/summer-insiders-report/sir-2024-emagazine?utm_source=other&amp;utm_medium=other&amp;utm_campaign=2024~05~16~marketing~external~controlbrands~pco-emag~pc~insidersreport~national~marketingtile~7002434-summerinsiders2024&amp;utm_content=6102246~pcx-marketbanners~market~aa&amp;utm_term=" tabindex="-1">Read More</a></div></div><div class="banner-media css-14bm7b5"><img alt="" src="https://dis-prod.assetful.loblaw.ca/content/dam/loblaw-companies-limited/creative-assets/grocery/2024/wk21/cs-12983-wk-21-to-wk28--p6-to-p7---sir-(market---fortinos)/ice-cream/wk24_mkt_web-hero-banner-filled_sir-2024_ice-cream_b1_bil.jpg?imwidth=856" loading="lazy" class="chakra-image css-0" data-testid="banner-image"><span class="splide__spinner"></span></div></div></div></div><div class="splide__slide" id="splide01-slide03" role="tabpanel" aria-roledescription="slide" aria-label="slide 3" style="width: calc(100%);" aria-hidden="true"><div class="banner-container css-7pga0g"><div class="chakra-container banner-wrapper css-362cmi" data-testid="section"><div class="banner-content css-1f0jobw"><div class="badges-text-content css-k008qs"><div class="logo-text-content css-k008qs"><h2 class="chakra-text css-13is3q4" data-testid="banner-title">Fire Up For Father's Day</h2><span class="chakra-text css-xstlix" data-testid="banner-body">Celebrate Dad with a family cookout full of flavour and fun</span></div></div><div class="chakra-stack css-3p39qh"><a class="chakra-link promo-btn css-3qun7d" data-testid="banner-promo-button-0" href="/collection/grilling?icid=gr_grilling_productcarousel_5_hp" tabindex="-1">Shop all</a></div></div><div class="banner-media css-14bm7b5"><img alt="" src="https://dis-prod.assetful.loblaw.ca/content/dam/loblaw-companies-limited/creative-assets/grocery/2024/wk25/cs-13059_mkt_p7-assets/fathers-day/hero-filled/wk25_mkt_web-hero-filled_fathers-day_b1_bil.png?imwidth=856" loading="lazy" class="chakra-image css-0" data-testid="banner-image" data-splide-lazy="https://dis-prod.assetful.loblaw.ca/content/dam/loblaw-companies-limited/creative-assets/grocery/2024/wk25/cs-13059_mkt_p7-assets/fathers-day/hero-filled/wk25_mkt_web-hero-filled_fathers-day_b1_bil.png?imwidth=856"><span class="splide__spinner"></span></div></div></div></div><div class="splide__slide is-loading" id="splide01-slide04" role="tabpanel" aria-roledescription="slide" aria-label="slide 4" style="width: calc(100%);" aria-hidden="true"><div class="banner-container css-mfml5m"><div class="chakra-container banner-wrapper css-362cmi" data-testid="section"><div class="banner-content css-914yyi"><div class="badges-text-content css-k008qs"><div class="logo-text-content css-k008qs"><h2 class="chakra-text css-13is3q4" data-testid="banner-title">Shop Fresh Prepared Meals </h2><span class="chakra-text css-xstlix" data-testid="banner-body">Enjoy these easy, familiar favourites</span></div></div><div class="chakra-stack css-3p39qh"><a class="chakra-link promo-btn css-xgrybd" data-testid="banner-promo-button-0" href="/collection/fresh-meals?icid=gr_fresh-meals_hero_4_hp" tabindex="-1">Shop Now</a></div></div><div class="banner-media css-14bm7b5"><img alt="" src="https://dis-prod.assetful.loblaw.ca/content/dam/loblaw-companies-limited/creative-assets/grocery/2024/market/p3/fresh-meals/hero-filled/wk9-12_mkt_fresh-meals_web-hero-banner-filled_b1_bil.jpg?imwidth=856" loading="lazy" class="chakra-image css-0" data-testid="banner-image"><span class="splide__spinner"></span></div></div></div></div><div class="splide__slide splide__slide--clone is-active" id="splide01-clone03" role="tabpanel" aria-roledescription="slide" aria-label="slide 1" style="width: calc(100%);" aria-hidden="true"><div class="banner-container css-81tgib"><div class="chakra-container banner-wrapper css-362cmi" data-testid="section"><div class="banner-content css-1az1ol2"><div class="badges-text-content css-k008qs"><div class="logo-text-content css-k008qs"><p class="chakra-text css-ym2y5a" data-testid="banner-super-headline">Valid until June 30th. </p><h2 class="chakra-text css-13is3q4" data-testid="banner-title">Hit of the Month</h2><span class="chakra-text css-xstlix" data-testid="banner-body">Get lower than low prices every month. Shop this month's deal.</span></div></div><div class="chakra-stack css-3p39qh"><a class="chakra-link promo-btn css-3qun7d" data-testid="banner-promo-button-0" href="/collection/hit-of-the-month?icid=gr_hit-of-the-month_hero_2_hp" tabindex="-1">Shop Now</a></div></div><div class="banner-media css-14bm7b5"><img alt="" src="https://dis-prod.assetful.loblaw.ca/content/dam/loblaw-companies-limited/creative-assets/grocery/2023/wk21/cs-12962_mkt_hotm/web-hero/east/wk23-24_mkt_HOTM_east_web-hero-banner-filled_b1_en.png?imwidth=856" loading="lazy" class="chakra-image css-0" data-testid="banner-image" data-splide-lazy="https://dis-prod.assetful.loblaw.ca/content/dam/loblaw-companies-limited/creative-assets/grocery/2023/wk21/cs-12962_mkt_hotm/web-hero/east/wk23-24_mkt_HOTM_east_web-hero-banner-filled_b1_en.png?imwidth=856"><span class="splide__spinner"></span></div></div></div></div><div class="splide__slide splide__slide--clone" id="splide01-clone04" role="tabpanel" aria-roledescription="slide" aria-label="slide 2" style="width: calc(100%);" aria-hidden="true"><div class="banner-container css-1ih9d8p"><div class="chakra-container banner-wrapper css-362cmi" data-testid="section"><div class="banner-content css-125hbyp"><div class="badges-text-content css-k008qs"><div class="logo-text-content css-k008qs"><h2 class="chakra-text css-13is3q4" data-testid="banner-title">Satisfy your sweet cravings</h2><span class="chakra-text css-xstlix" data-testid="banner-body">You deserve a frosty dessert. Get yours with PC Express</span></div></div><div class="chakra-stack css-3p39qh"><a class="chakra-link promo-btn css-3qun7d" data-testid="banner-promo-button-0" href="/collection/summer-insiders-desserts?icid=gr_summer-insiders-desserts_hero_2_hp" tabindex="-1">Shop Now</a><a class="chakra-link promo-btn css-3qun7d" data-testid="banner-promo-button-1" href="https://www.pcoptimum.ca/events/summer-insiders-report/sir-2024-emagazine?utm_source=other&amp;utm_medium=other&amp;utm_campaign=2024~05~16~marketing~external~controlbrands~pco-emag~pc~insidersreport~national~marketingtile~7002434-summerinsiders2024&amp;utm_content=6102246~pcx-marketbanners~market~aa&amp;utm_term=" tabindex="-1">Read More</a></div></div><div class="banner-media css-14bm7b5"><img alt="" src="https://dis-prod.assetful.loblaw.ca/content/dam/loblaw-companies-limited/creative-assets/grocery/2024/wk21/cs-12983-wk-21-to-wk28--p6-to-p7---sir-(market---fortinos)/ice-cream/wk24_mkt_web-hero-banner-filled_sir-2024_ice-cream_b1_bil.jpg?imwidth=856" loading="lazy" class="chakra-image css-0" data-testid="banner-image" data-splide-lazy="https://dis-prod.assetful.loblaw.ca/content/dam/loblaw-companies-limited/creative-assets/grocery/2024/wk21/cs-12983-wk-21-to-wk28--p6-to-p7---sir-(market---fortinos)/ice-cream/wk24_mkt_web-hero-banner-filled_sir-2024_ice-cream_b1_bil.jpg?imwidth=856"><span class="splide__spinner"></span></div></div></div></div></div></div><div class="bullet-wrapper"><ul class="splide__pagination splide__pagination--ltr" role="tablist" aria-label="Select a slide to show"><li role="presentation"><button class="splide__pagination__page is-active" type="button" role="tab" aria-controls="splide01-slide01" aria-label="Go to slide 1" aria-selected="true"></button></li><li role="presentation"><button class="splide__pagination__page" type="button" role="tab" aria-controls="splide01-slide02" aria-label="Go to slide 2" tabindex="-1"></button></li><li role="presentation"><button class="splide__pagination__page" type="button" role="tab" aria-controls="splide01-slide03" aria-label="Go to slide 3" tabindex="-1"></button></li><li role="presentation"><button class="splide__pagination__page" type="button" role="tab" aria-controls="splide01-slide04" aria-label="Go to slide 4" tabindex="-1"></button></li></ul></div></div></div></div><span id="__chakra_env" hidden=""></span></div><div class="page-layout page-layout--contentful-page contentful-page cms-homepage"><div class="contentful-page__content"></div></div><div class="view-resolver-component"><div class="chakra-container css-1yvva6b" data-testid="vertical-feature-cards"><div class="css-0"><a class="chakra-link css-14qfziv" href="#:ri:">skip a11ySection</a><div data-testid="scroller" class="css-10cksfv"><div class="indiana-scroll-container"><ul data-testid="feature-card-scroller" class="css-1lp5ovw"><li class="css-18f0hmm"><div data-testid="card" class="css-1u3io9a"><div data-testid="card-media" class="css-12n9na5"><div class="chakra-aspect-ratio css-o4977x"><img alt="" src="https://dis-prod.assetful.loblaw.ca/content/dam/loblaw-companies-limited/creative-assets/grocery/2024/wk21/cs-12983-wk-21-to-wk28--p6-to-p7---sir-(market---fortinos)/ice-cream/wk24_mkt_tile-carousel_sir-2024_ice-cream_bil.jpg" loading="lazy" class="chakra-image css-o3ihhy" data-testid="feature-card-image"></div></div><div data-testid="card-content" class="css-si7j2x"><div class="css-1eia38w"><div class="css-1dk1fk9"><h3 class="chakra-text css-133hkvi" data-testid="feature-card-title"> Ice Cream &amp; Desserts</h3><p class="chakra-text css-1ez1pmk" data-testid="feature-card-content">Cool down this summer with our selection of sweet treats.</p></div><div class="css-gmy0so"><a class="chakra-link css-ngsgsm" data-testid="feature-card-cta" href="/collection/summer-insiders-desserts?icid=gr_sir-ice-cream_verticaltile_4_c">Shop now</a></div></div></div></div></li><li class="css-18f0hmm"><div data-testid="card" class="css-1u3io9a"><div data-testid="card-media" class="css-12n9na5"><div class="chakra-aspect-ratio css-o4977x"><img alt="" src="https://dis-prod.assetful.loblaw.ca/content/dam/loblaw-companies-limited/creative-assets/grocery/2024/market/p5/market/grilling/vertical-tile/wk19-20_mkt_tile-carousel_grilling_bil.png" loading="lazy" class="chakra-image css-o3ihhy" data-testid="feature-card-image"></div></div><div data-testid="card-content" class="css-si7j2x"><div class="css-1eia38w"><div class="css-1dk1fk9"><h3 class="chakra-text css-133hkvi" data-testid="feature-card-title">Happy Father's Day</h3><p class="chakra-text css-1ez1pmk" data-testid="feature-card-content">Everything you need to get all fired up for grilling season</p></div><div class="css-gmy0so"><a class="chakra-link css-ngsgsm" data-testid="feature-card-cta" href="/collection/grilling?icid=gr_grilling_4_c">Shop now</a></div></div></div></div></li><li class="css-18f0hmm"><div data-testid="card" class="css-1u3io9a"><div data-testid="card-media" class="css-12n9na5"><div class="chakra-aspect-ratio css-o4977x"><img alt="" src="https://dis-prod.assetful.loblaw.ca/content/dam/loblaw-companies-limited/creative-assets/grocery/2024/_sir-2024/banner-ca-hp-vertical-tile/SIR-2024_all-banners_vertical-tile_bil.png" loading="lazy" class="chakra-image css-o3ihhy" data-testid="feature-card-image"></div></div><div data-testid="card-content" class="css-ixzsqc"><div class="css-1eia38w"><div class="css-1dk1fk9"><h3 class="chakra-text css-133hkvi" data-testid="feature-card-title">30,000 points + 3 months  </h3><p class="chakra-text css-1ez1pmk" data-testid="feature-card-content">$0 delivery and pickup with your first PC Express order of $100+. Use CA2024* </p></div><div class="css-gmy0so"><a class="chakra-link css-ngsgsm" data-testid="feature-card-cta" href="/collection/summer-insiders">Shop now</a></div></div></div></div></li><li class="css-18f0hmm"><div data-testid="card" class="css-1u3io9a"><div data-testid="card-media" class="css-12n9na5"><div class="chakra-aspect-ratio css-o4977x"><img alt="" src="https://dis-prod.assetful.loblaw.ca/content/dam/loblaw-companies-limited/creative-assets/grocery/2024/market/p6/market/in-season-produce/wk21-24_mkt_tile-carousel_inseason-produce_bil.png" loading="lazy" class="chakra-image css-o3ihhy" data-testid="feature-card-image"></div></div><div data-testid="card-content" class="css-si7j2x"><div class="css-1eia38w"><div class="css-1dk1fk9"><h3 class="chakra-text css-133hkvi" data-testid="feature-card-title">Fresh Taste of Summer</h3><p class="chakra-text css-1ez1pmk" data-testid="feature-card-content">Jump into flavour with fresh seasonal produce</p></div><div class="css-gmy0so"><a class="chakra-link css-ngsgsm" data-testid="feature-card-cta" href="/food/fruits-vegetables/c/28000?icid=gr_in-season-produce_verticaltile_3_hp">Shop now</a></div></div></div></div></li><li class="css-18f0hmm"><div data-testid="card" class="css-1u3io9a"><div data-testid="card-media" class="css-12n9na5"><div class="chakra-aspect-ratio css-o4977x"><img alt="" src="https://dis-prod.assetful.loblaw.ca/content/dam/loblaw-companies-limited/creative-assets/grocery/2024/market/p3/fresh-meals/vertical-tile/wk9-12_mkt_fresh-meals_tile-carousel_bil.jpg" loading="lazy" class="chakra-image css-o3ihhy" data-testid="feature-card-image"></div></div><div data-testid="card-content" class="css-si7j2x"><div class="css-1eia38w"><div class="css-1dk1fk9"><h3 class="chakra-text css-133hkvi" data-testid="feature-card-title">Shop Prepared Meals </h3><p class="chakra-text css-1ez1pmk" data-testid="feature-card-content">Enjoy our easy, familiar favourites</p></div><div class="css-gmy0so"><a class="chakra-link css-ngsgsm" data-testid="feature-card-cta" href="/collection/fresh-meals?icid=gr_fresh-meals_verticaltile_5_hp">Shop now</a></div></div></div></div></li></ul></div></div><div id=":ri:" class="css-0"> </div></div></div><div class="chakra-container css-1yvva6b" data-testid="section"><div class="css-147ar3n"><div class="css-2imjyh"></div><div class="css-owofrc"><div class="css-1pzcvyn"><div class="css-1pzcvyn"><h2 class="chakra-heading css-1thmpx" data-testid="heading">Start shopping</h2></div></div></div><div class="css-1c6aozh"><p class="chakra-text css-1na1tkp" data-testid="sub-heading">Get started shopping with these items</p></div></div><div data-testid="mini-product-tile-carousel-header" class="css-0"></div><a class="chakra-link css-14qfziv" href="#:ro:">Skip Start shopping</a><div data-testid="mini-product-tile-carousel-scroller" class="css-10cksfv"><div class="indiana-scroll-container"><ul data-testid="mini-product-tile-carousel-grid" class="css-1903yhk"><li class="css-0"><div class="chakra-linkbox css-10n1vic"><div class="css-1wtvlx1"><div data-testid="product-image" class="css-1ilyd09"><img alt="Flake Outs™ Churro Croissant Donuts" src="https://assets.shop.loblaws.ca/products/21590246/b1/en/front/21590246_front_a07.png" loading="lazy" class="chakra-image css-1r75va2" aria-hidden="true"></div><div class="css-zg1vud"><a href="/flake-outs-churro-croissant-donuts/p/21590246_EA" class="chakra-linkbox__overlay css-4i2qqf"><div class="css-l768tc"><div class="css-0"><h3 class="chakra-heading css-h0x1ij" id="21590246_EA" data-testid="product-title">Flake Outs™ Churro Croissant Donuts</h3></div><div data-testid="product-price" class="css-8atqhb"><p class="chakra-text css-0"><span class="chakra-text css-pwnbcb" data-testid="regular-price"><span class="css-idkz9h">$7.00</span>$7.00</span></p></div></div></a></div><div class="css-1dtig0a"><div id="atc-container" class="css-fpf731"><div data-testid="atc-compact" class="css-y94ivq" style="width: 45px;"><button type="button" class="chakra-button css-mudsm6" data-testid="atc-button"><svg stroke="currentColor" fill="currentColor" stroke-width="0" viewBox="0 0 24 24" focusable="false" class="chakra-icon css-1g3sp7a" data-testid="btn-icon" aria-hidden="true" height="1em" width="1em" xmlns="http://www.w3.org/2000/svg"><path d="M19 13h-6v6h-2v-6H5v-2h6V5h2v6h6v2z"></path></svg><span class="css-idkz9h">Add Flake Outs™ Churro Croissant Donuts to cart</span></button></div></div></div></div></div></li><li class="css-0"><div class="chakra-linkbox css-10n1vic"><div class="css-1wtvlx1"><div data-testid="product-image" class="css-1ilyd09"><img alt="M'AQUA Mojito Cocktail Flavoured Sparkling Water" src="https://assets.shop.loblaws.ca/products/21590669/b1/en/front/21590669_front_a07.png" loading="lazy" class="chakra-image css-1r75va2" aria-hidden="true"></div><div class="css-zg1vud"><a href="/m-aqua-mojito-cocktail-flavoured-sparkling-water/p/21590669_C06" class="chakra-linkbox__overlay css-4i2qqf"><div class="css-l768tc"><div class="css-0"><h3 class="chakra-heading css-h0x1ij" id="21590669_C06" data-testid="product-title">M'AQUA Mojito Cocktail Flavoured Sparkling Water</h3></div><div data-testid="product-price" class="css-8atqhb"><p class="chakra-text css-0"><span class="chakra-text css-pwnbcb" data-testid="regular-price"><span class="css-idkz9h">$4.50</span>$4.50</span></p></div></div></a></div><div class="css-1dtig0a"><div id="atc-container" class="css-fpf731"><div data-testid="atc-compact" class="css-y94ivq" style="width: 45px;"><button type="button" class="chakra-button css-mudsm6" data-testid="atc-button"><svg stroke="currentColor" fill="currentColor" stroke-width="0" viewBox="0 0 24 24" focusable="false" class="chakra-icon css-1g3sp7a" data-testid="btn-icon" aria-hidden="true" height="1em" width="1em" xmlns="http://www.w3.org/2000/svg"><path d="M19 13h-6v6h-2v-6H5v-2h6V5h2v6h6v2z"></path></svg><span class="css-idkz9h">Add M'AQUA Mojito Cocktail Flavoured Sparkling Water to cart</span></button></div></div></div></div></div></li><li class="css-0"><div class="chakra-linkbox css-10n1vic"><div class="css-1wtvlx1"><div data-testid="product-image" class="css-1ilyd09"><img alt="Pork Belly Burnt Ends" src="https://assets.shop.loblaws.ca/products/21565531/b1/en/front/21565531_front_a07.png" loading="lazy" class="chakra-image css-1r75va2" aria-hidden="true"></div><div class="css-zg1vud"><a href="/pork-belly-burnt-ends/p/21565531_EA" class="chakra-linkbox__overlay css-4i2qqf"><div class="css-l768tc"><div class="css-0"><h3 class="chakra-heading css-h0x1ij" id="21565531_EA" data-testid="product-title">Pork Belly Burnt Ends</h3></div><div data-testid="product-price" class="css-8atqhb"><p class="chakra-text css-0"><span class="chakra-text css-pwnbcb" data-testid="regular-price"><span class="css-idkz9h">$14.00</span>$14.00</span></p></div></div></a></div><div class="css-1dtig0a"><div id="atc-container" class="css-fpf731"><div data-testid="atc-compact" class="css-y94ivq" style="width: 45px;"><button type="button" class="chakra-button css-mudsm6" data-testid="atc-button"><svg stroke="currentColor" fill="currentColor" stroke-width="0" viewBox="0 0 24 24" focusable="false" class="chakra-icon css-1g3sp7a" data-testid="btn-icon" aria-hidden="true" height="1em" width="1em" xmlns="http://www.w3.org/2000/svg"><path d="M19 13h-6v6h-2v-6H5v-2h6V5h2v6h6v2z"></path></svg><span class="css-idkz9h">Add Pork Belly Burnt Ends to cart</span></button></div></div></div></div></div></li><li class="css-0"><div class="chakra-linkbox css-10n1vic"><div class="css-1wtvlx1"><div data-testid="product-image" class="css-1ilyd09"><img alt="Cheese Frusta" src="https://assets.shop.loblaws.ca/products/21549514/b1/en/front/21549514_front_a07.png" loading="lazy" class="chakra-image css-1r75va2" aria-hidden="true"></div><div class="css-zg1vud"><a href="/cheese-frusta/p/21549514_EA" class="chakra-linkbox__overlay css-4i2qqf"><div class="css-l768tc"><div class="css-0"><h3 class="chakra-heading css-h0x1ij" id="21549514_EA" data-testid="product-title">Cheese Frusta</h3></div><div data-testid="product-price" class="css-8atqhb"><p class="chakra-text css-0"><span class="chakra-text css-pwnbcb" data-testid="regular-price"><span class="css-idkz9h">$6.00</span>$6.00</span></p></div></div></a></div><div class="css-1dtig0a"><div id="atc-container" class="css-fpf731"><div data-testid="atc-compact" class="css-y94ivq" style="width: 45px;"><button type="button" class="chakra-button css-mudsm6" data-testid="atc-button"><svg stroke="currentColor" fill="currentColor" stroke-width="0" viewBox="0 0 24 24" focusable="false" class="chakra-icon css-1g3sp7a" data-testid="btn-icon" aria-hidden="true" height="1em" width="1em" xmlns="http://www.w3.org/2000/svg"><path d="M19 13h-6v6h-2v-6H5v-2h6V5h2v6h6v2z"></path></svg><span class="css-idkz9h">Add Cheese Frusta to cart</span></button></div></div></div></div></div></li><li class="css-0"><div class="chakra-linkbox css-10n1vic"><div class="css-1wtvlx1"><div data-testid="product-image" class="css-1ilyd09"><img alt="Chicken Bun Cha" src="https://assets.shop.loblaws.ca/products/21565869/b1/en/front/21565869_front_a07.png" loading="lazy" class="chakra-image css-1r75va2" aria-hidden="true"></div><div class="css-zg1vud"><a href="/chicken-bun-cha/p/21565869_EA" class="chakra-linkbox__overlay css-4i2qqf"><div class="css-l768tc"><div class="css-0"><h3 class="chakra-heading css-h0x1ij" id="21565869_EA" data-testid="product-title">Chicken Bun Cha</h3></div><div data-testid="product-price" class="css-8atqhb"><p class="chakra-text css-0"><span class="chakra-text css-pwnbcb" data-testid="regular-price"><span class="css-idkz9h">$5.00</span>$5.00</span></p></div></div></a></div><div class="css-1dtig0a"><div id="atc-container" class="css-fpf731"><div data-testid="atc-compact" class="css-y94ivq" style="width: 45px;"><button type="button" class="chakra-button css-mudsm6" data-testid="atc-button"><svg stroke="currentColor" fill="currentColor" stroke-width="0" viewBox="0 0 24 24" focusable="false" class="chakra-icon css-1g3sp7a" data-testid="btn-icon" aria-hidden="true" height="1em" width="1em" xmlns="http://www.w3.org/2000/svg"><path d="M19 13h-6v6h-2v-6H5v-2h6V5h2v6h6v2z"></path></svg><span class="css-idkz9h">Add Chicken Bun Cha to cart</span></button></div></div></div></div></div></li><li class="css-0"><div class="chakra-linkbox css-10n1vic"><div class="css-1wtvlx1"><div data-testid="product-image" class="css-1ilyd09"><img alt="Cinnamon Sugar Pineapple Skewers" src="https://assets.shop.loblaws.ca/products/21560146/b1/en/front/21560146_front_a07.png" loading="lazy" class="chakra-image css-1r75va2" aria-hidden="true"></div><div class="css-zg1vud"><a href="/cinnamon-sugar-pineapple-skewers/p/21560146_EA" class="chakra-linkbox__overlay css-4i2qqf"><div class="css-l768tc"><div class="css-0"><h3 class="chakra-heading css-h0x1ij" id="21560146_EA" data-testid="product-title">Cinnamon Sugar Pineapple Skewers</h3></div><div data-testid="product-price" class="css-8atqhb"><p class="chakra-text css-0"><span class="chakra-text css-pwnbcb" data-testid="regular-price"><span class="css-idkz9h">$5.00</span>$5.00</span></p></div></div></a></div><div class="css-1dtig0a"><div id="atc-container" class="css-fpf731"><div data-testid="atc-compact" class="css-y94ivq" style="width: 45px;"><button type="button" class="chakra-button css-mudsm6" data-testid="atc-button"><svg stroke="currentColor" fill="currentColor" stroke-width="0" viewBox="0 0 24 24" focusable="false" class="chakra-icon css-1g3sp7a" data-testid="btn-icon" aria-hidden="true" height="1em" width="1em" xmlns="http://www.w3.org/2000/svg"><path d="M19 13h-6v6h-2v-6H5v-2h6V5h2v6h6v2z"></path></svg><span class="css-idkz9h">Add Cinnamon Sugar Pineapple Skewers to cart</span></button></div></div></div></div></div></li><li class="css-0"><div class="chakra-linkbox css-10n1vic"><div class="css-1wtvlx1"><div data-testid="product-image" class="css-1ilyd09"><img alt="White Barbecue Sauce" src="https://assets.shop.loblaws.ca/products/21589265/b1/en/front/21589265_front_a07.png" loading="lazy" class="chakra-image css-1r75va2" aria-hidden="true"></div><div class="css-zg1vud"><a href="/white-barbecue-sauce/p/21589265_EA" class="chakra-linkbox__overlay css-4i2qqf"><div class="css-l768tc"><div class="css-0"><h3 class="chakra-heading css-h0x1ij" id="21589265_EA" data-testid="product-title">White Barbecue Sauce</h3></div><div data-testid="product-price" class="css-8atqhb"><p class="chakra-text css-0"><span class="chakra-text css-pwnbcb" data-testid="regular-price"><span class="css-idkz9h">$4.50</span>$4.50</span></p></div></div></a></div><div class="css-1dtig0a"><div id="atc-container" class="css-fpf731"><div data-testid="atc-compact" class="css-y94ivq" style="width: 45px;"><button type="button" class="chakra-button css-mudsm6" data-testid="atc-button"><svg stroke="currentColor" fill="currentColor" stroke-width="0" viewBox="0 0 24 24" focusable="false" class="chakra-icon css-1g3sp7a" data-testid="btn-icon" aria-hidden="true" height="1em" width="1em" xmlns="http://www.w3.org/2000/svg"><path d="M19 13h-6v6h-2v-6H5v-2h6V5h2v6h6v2z"></path></svg><span class="css-idkz9h">Add White Barbecue Sauce to cart</span></button></div></div></div></div></div></li><li class="css-0"><div class="chakra-linkbox css-10n1vic"><div class="css-1wtvlx1"><div data-testid="product-image" class="css-1ilyd09"><img alt="Low Smoke Wood-Burning Firepit" src="https://assets.shop.loblaws.ca/products/21526029/b1/en/front/21526029_front_a07.png" loading="lazy" class="chakra-image css-1r75va2" aria-hidden="true"></div><div class="css-zg1vud"><a href="/low-smoke-wood-burning-firepit/p/21526029_EA" class="chakra-linkbox__overlay css-4i2qqf"><div class="css-l768tc"><div class="css-0"><h3 class="chakra-heading css-h0x1ij" id="21526029_EA" data-testid="product-title">Low Smoke Wood-Burning Firepit</h3></div><div data-testid="product-price" class="css-8atqhb"><p class="chakra-text css-0"></p><p class="chakra-text css-0"><span class="chakra-text css-o93gbd" data-testid="mop-regular-price"><span class="css-idkz9h">$299.00 Member Price</span>$299.00 Member Price</span><span class="chakra-text css-1m5a6y8" data-testid="price-descriptor"></span></p><p class="chakra-text css-0"><span class="chakra-text css-1wji473" data-testid="non-members-price"><span class="css-idkz9h">$349.00 Non-Members</span>$349.00 Non-Members</span><span class="chakra-text css-11spkyg" data-testid="was-price"><span class="css-idkz9h"></span></span></p></div></div></a></div><div class="css-1dtig0a"><div id="atc-container" class="css-fpf731"><div data-testid="atc-compact" class="css-y94ivq" style="width: 45px;"><button type="button" class="chakra-button css-mudsm6" data-testid="atc-button"><svg stroke="currentColor" fill="currentColor" stroke-width="0" viewBox="0 0 24 24" focusable="false" class="chakra-icon css-1g3sp7a" data-testid="btn-icon" aria-hidden="true" height="1em" width="1em" xmlns="http://www.w3.org/2000/svg"><path d="M19 13h-6v6h-2v-6H5v-2h6V5h2v6h6v2z"></path></svg><span class="css-idkz9h">Add Low Smoke Wood-Burning Firepit to cart</span></button></div></div></div></div></div></li><li class="css-0"><div class="chakra-linkbox css-10n1vic"><div class="css-1wtvlx1"><div data-testid="product-image" class="css-1ilyd09"><img alt="Barese Sausage" src="https://assets.shop.loblaws.ca/products/21576127/b1/en/front/21576127_front_a07.png" loading="lazy" class="chakra-image css-1r75va2" aria-hidden="true"></div><div class="css-zg1vud"><a href="/barese-sausage/p/21576127_EA" class="chakra-linkbox__overlay css-4i2qqf"><div class="css-l768tc"><div class="css-0"><h3 class="chakra-heading css-h0x1ij" id="21576127_EA" data-testid="product-title">Barese Sausage</h3></div><div data-testid="product-price" class="css-8atqhb"><p class="chakra-text css-0"><span class="chakra-text css-pwnbcb" data-testid="regular-price"><span class="css-idkz9h">$6.00</span>$6.00</span></p></div></div></a></div><div class="css-1dtig0a"><div id="atc-container" class="css-fpf731"><div data-testid="atc-compact" class="css-y94ivq" style="width: 45px;"><button type="button" class="chakra-button css-mudsm6" data-testid="atc-button"><svg stroke="currentColor" fill="currentColor" stroke-width="0" viewBox="0 0 24 24" focusable="false" class="chakra-icon css-1g3sp7a" data-testid="btn-icon" aria-hidden="true" height="1em" width="1em" xmlns="http://www.w3.org/2000/svg"><path d="M19 13h-6v6h-2v-6H5v-2h6V5h2v6h6v2z"></path></svg><span class="css-idkz9h">Add Barese Sausage to cart</span></button></div></div></div></div></div></li><li class="css-0"><div class="chakra-linkbox css-10n1vic"><div class="css-1wtvlx1"><div data-testid="product-image" class="css-1ilyd09"><img alt="Chicken Yakitori" src="https://assets.shop.loblaws.ca/products/21575909/b1/en/front/21575909_front_a07.png" loading="lazy" class="chakra-image css-1r75va2" aria-hidden="true"></div><div class="css-zg1vud"><a href="/chicken-yakitori/p/21575909_EA" class="chakra-linkbox__overlay css-4i2qqf"><div class="css-l768tc"><div class="css-0"><h3 class="chakra-heading css-h0x1ij" id="21575909_EA" data-testid="product-title">Chicken Yakitori</h3></div><div data-testid="product-price" class="css-8atqhb"><p class="chakra-text css-0"><span class="chakra-text css-pwnbcb" data-testid="regular-price"><span class="css-idkz9h">$17.00</span>$17.00</span></p></div></div></a></div><div class="css-1dtig0a"><div id="atc-container" class="css-fpf731"><div data-testid="atc-compact" class="css-y94ivq" style="width: 45px;"><button type="button" class="chakra-button css-mudsm6" data-testid="atc-button"><svg stroke="currentColor" fill="currentColor" stroke-width="0" viewBox="0 0 24 24" focusable="false" class="chakra-icon css-1g3sp7a" data-testid="btn-icon" aria-hidden="true" height="1em" width="1em" xmlns="http://www.w3.org/2000/svg"><path d="M19 13h-6v6h-2v-6H5v-2h6V5h2v6h6v2z"></path></svg><span class="css-idkz9h">Add Chicken Yakitori to cart</span></button></div></div></div></div></div></li><li class="css-0"><div class="chakra-linkbox css-10n1vic"><div class="css-1wtvlx1"><div data-testid="product-image" class="css-1ilyd09"><img alt="Tom Kha Butterflied Black Tiger Shrimp" src="https://assets.shop.loblaws.ca/products/21559236/b1/en/front/21559236_front_a07.png" loading="lazy" class="chakra-image css-1r75va2" aria-hidden="true"></div><div class="css-zg1vud"><a href="/tom-kha-butterflied-black-tiger-shrimp/p/21559236_EA" class="chakra-linkbox__overlay css-4i2qqf"><div class="css-l768tc"><div class="css-0"><h3 class="chakra-heading css-h0x1ij" id="21559236_EA" data-testid="product-title">Tom Kha Butterflied Black Tiger Shrimp</h3></div><div data-testid="product-price" class="css-8atqhb"><p class="chakra-text css-0"><span class="chakra-text css-pwnbcb" data-testid="regular-price"><span class="css-idkz9h">$15.00</span>$15.00</span></p></div></div></a></div><div class="css-1dtig0a"><div id="atc-container" class="css-fpf731"><div data-testid="atc-compact" class="css-y94ivq" style="width: 45px;"><button type="button" class="chakra-button css-mudsm6" data-testid="atc-button"><svg stroke="currentColor" fill="currentColor" stroke-width="0" viewBox="0 0 24 24" focusable="false" class="chakra-icon css-1g3sp7a" data-testid="btn-icon" aria-hidden="true" height="1em" width="1em" xmlns="http://www.w3.org/2000/svg"><path d="M19 13h-6v6h-2v-6H5v-2h6V5h2v6h6v2z"></path></svg><span class="css-idkz9h">Add Tom Kha Butterflied Black Tiger Shrimp to cart</span></button></div></div></div></div></div></li><li class="css-0"><div class="chakra-linkbox css-10n1vic"><div class="css-1wtvlx1"><div data-testid="product-image" class="css-1ilyd09"><img alt="Pink Guava" src="https://assets.shop.loblaws.ca/products/21575914001/b1/en/front/21575914001_front_a07.png" loading="lazy" class="chakra-image css-1r75va2" aria-hidden="true"></div><div class="css-zg1vud"><a href="/pink-guava/p/21575914001_EA" class="chakra-linkbox__overlay css-4i2qqf"><div class="css-l768tc"><div class="css-0"><h3 class="chakra-heading css-h0x1ij" id="21575914001_EA" data-testid="product-title">Pink Guava</h3></div><div data-testid="product-price" class="css-8atqhb"><p class="chakra-text css-0"><span class="chakra-text css-pwnbcb" data-testid="regular-price"><span class="css-idkz9h">$7.00</span>$7.00</span></p></div></div></a></div><div class="css-1dtig0a"><div id="atc-container" class="css-fpf731"><div data-testid="atc-compact" class="css-y94ivq" style="width: 45px;"><button type="button" class="chakra-button css-mudsm6" data-testid="atc-button"><svg stroke="currentColor" fill="currentColor" stroke-width="0" viewBox="0 0 24 24" focusable="false" class="chakra-icon css-1g3sp7a" data-testid="btn-icon" aria-hidden="true" height="1em" width="1em" xmlns="http://www.w3.org/2000/svg"><path d="M19 13h-6v6h-2v-6H5v-2h6V5h2v6h6v2z"></path></svg><span class="css-idkz9h">Add Pink Guava to cart</span></button></div></div><div class="css-lql7q2"><div class="css-4saf4a"><p class="chakra-text css-py8788" data-testid="inventory-badge-text">Low Stock</p></div></div></div></div></div></li><li class="css-0"><div class="chakra-linkbox css-10n1vic"><div class="css-1wtvlx1"><div data-testid="product-image" class="css-1ilyd09"><img alt="Chili Lime Pineapple Skewers " src="https://assets.shop.loblaws.ca/products/21560219/b1/en/front/21560219_front_a07.png" loading="lazy" class="chakra-image css-1r75va2" aria-hidden="true"></div><div class="css-zg1vud"><a href="/chili-lime-pineapple-skewers/p/21560219_EA" class="chakra-linkbox__overlay css-4i2qqf"><div class="css-l768tc"><div class="css-0"><h3 class="chakra-heading css-h0x1ij" id="21560219_EA" data-testid="product-title">Chili Lime Pineapple Skewers </h3></div><div data-testid="product-price" class="css-8atqhb"><p class="chakra-text css-0"><span class="chakra-text css-pwnbcb" data-testid="regular-price"><span class="css-idkz9h">$5.00</span>$5.00</span></p></div></div></a></div><div class="css-1dtig0a"><div id="atc-container" class="css-fpf731"><div data-testid="atc-compact" class="css-y94ivq" style="width: 45px;"><button type="button" class="chakra-button css-mudsm6" data-testid="atc-button"><svg stroke="currentColor" fill="currentColor" stroke-width="0" viewBox="0 0 24 24" focusable="false" class="chakra-icon css-1g3sp7a" data-testid="btn-icon" aria-hidden="true" height="1em" width="1em" xmlns="http://www.w3.org/2000/svg"><path d="M19 13h-6v6h-2v-6H5v-2h6V5h2v6h6v2z"></path></svg><span class="css-idkz9h">Add Chili Lime Pineapple Skewers  to cart</span></button></div></div></div></div></div></li><li class="css-0"><div class="chakra-linkbox css-10n1vic"><div class="css-1wtvlx1"><div data-testid="product-image" class="css-1ilyd09"><img alt="Chicken Yellow Curry on Rice" src="https://assets.shop.loblaws.ca/products/21566111/b1/en/front/21566111_front_a07.png" loading="lazy" class="chakra-image css-1r75va2" aria-hidden="true"></div><div class="css-zg1vud"><a href="/chicken-yellow-curry-on-rice/p/21566111_EA" class="chakra-linkbox__overlay css-4i2qqf"><div class="css-l768tc"><div class="css-0"><h3 class="chakra-heading css-h0x1ij" id="21566111_EA" data-testid="product-title">Chicken Yellow Curry on Rice</h3></div><div data-testid="product-price" class="css-8atqhb"><p class="chakra-text css-0"><span class="chakra-text css-pwnbcb" data-testid="regular-price"><span class="css-idkz9h">$5.00</span>$5.00</span></p></div></div></a></div><div class="css-1dtig0a"><div id="atc-container" class="css-fpf731"><div data-testid="atc-compact" class="css-y94ivq" style="width: 45px;"><button type="button" class="chakra-button css-mudsm6" data-testid="atc-button"><svg stroke="currentColor" fill="currentColor" stroke-width="0" viewBox="0 0 24 24" focusable="false" class="chakra-icon css-1g3sp7a" data-testid="btn-icon" aria-hidden="true" height="1em" width="1em" xmlns="http://www.w3.org/2000/svg"><path d="M19 13h-6v6h-2v-6H5v-2h6V5h2v6h6v2z"></path></svg><span class="css-idkz9h">Add Chicken Yellow Curry on Rice to cart</span></button></div></div></div></div></div></li><li class="css-0"><div class="chakra-linkbox css-10n1vic"><div class="css-1wtvlx1"><div data-testid="product-image" class="css-1ilyd09"><img alt="Mushroom Frusta" src="https://assets.shop.loblaws.ca/products/21549100/b1/en/front/21549100_front_a07.png" loading="lazy" class="chakra-image css-1r75va2" aria-hidden="true"></div><div class="css-zg1vud"><a href="/mushroom-frusta/p/21549100_EA" class="chakra-linkbox__overlay css-4i2qqf"><div class="css-l768tc"><div class="css-0"><h3 class="chakra-heading css-h0x1ij" id="21549100_EA" data-testid="product-title">Mushroom Frusta</h3></div><div data-testid="product-price" class="css-8atqhb"><p class="chakra-text css-0"><span class="chakra-text css-pwnbcb" data-testid="regular-price"><span class="css-idkz9h">$6.00</span>$6.00</span></p></div></div></a></div><div class="css-1dtig0a"><div id="atc-container" class="css-fpf731"><div data-testid="atc-compact" class="css-y94ivq" style="width: 45px;"><button type="button" class="chakra-button css-mudsm6" data-testid="atc-button"><svg stroke="currentColor" fill="currentColor" stroke-width="0" viewBox="0 0 24 24" focusable="false" class="chakra-icon css-1g3sp7a" data-testid="btn-icon" aria-hidden="true" height="1em" width="1em" xmlns="http://www.w3.org/2000/svg"><path d="M19 13h-6v6h-2v-6H5v-2h6V5h2v6h6v2z"></path></svg><span class="css-idkz9h">Add Mushroom Frusta to cart</span></button></div></div></div></div></div></li><li class="css-0"><div class="chakra-linkbox css-10n1vic"><div class="css-1wtvlx1"><div data-testid="product-image" class="css-1ilyd09"><img alt="Chicken Masala on Rice" src="https://assets.shop.loblaws.ca/products/21565933/b1/en/front/21565933_front_a07.png" loading="lazy" class="chakra-image css-1r75va2" aria-hidden="true"></div><div class="css-zg1vud"><a href="/chicken-masala-on-rice/p/21565933_EA" class="chakra-linkbox__overlay css-4i2qqf"><div class="css-l768tc"><div class="css-0"><h3 class="chakra-heading css-h0x1ij" id="21565933_EA" data-testid="product-title">Chicken Masala on Rice</h3></div><div data-testid="product-price" class="css-8atqhb"><p class="chakra-text css-0"><span class="chakra-text css-pwnbcb" data-testid="regular-price"><span class="css-idkz9h">$5.00</span>$5.00</span></p></div></div></a></div><div class="css-1dtig0a"><div id="atc-container" class="css-fpf731"><div data-testid="atc-compact" class="css-y94ivq" style="width: 45px;"><button type="button" class="chakra-button css-mudsm6" data-testid="atc-button"><svg stroke="currentColor" fill="currentColor" stroke-width="0" viewBox="0 0 24 24" focusable="false" class="chakra-icon css-1g3sp7a" data-testid="btn-icon" aria-hidden="true" height="1em" width="1em" xmlns="http://www.w3.org/2000/svg"><path d="M19 13h-6v6h-2v-6H5v-2h6V5h2v6h6v2z"></path></svg><span class="css-idkz9h">Add Chicken Masala on Rice to cart</span></button></div></div></div></div></div></li><li class="css-0"><div class="chakra-linkbox css-10n1vic"><div class="css-1wtvlx1"><div data-testid="product-image" class="css-1ilyd09"><img alt="Vegetable Yakisoba" src="https://assets.shop.loblaws.ca/products/21566102/b1/en/front/21566102_front_a07.png" loading="lazy" class="chakra-image css-1r75va2" aria-hidden="true"></div><div class="css-zg1vud"><a href="/vegetable-yakisoba/p/21566102_EA" class="chakra-linkbox__overlay css-4i2qqf"><div class="css-l768tc"><div class="css-0"><h3 class="chakra-heading css-h0x1ij" id="21566102_EA" data-testid="product-title">Vegetable Yakisoba</h3></div><div data-testid="product-price" class="css-8atqhb"><p class="chakra-text css-0"><span class="chakra-text css-pwnbcb" data-testid="regular-price"><span class="css-idkz9h">$5.00</span>$5.00</span></p></div></div></a></div><div class="css-1dtig0a"><div id="atc-container" class="css-fpf731"><div data-testid="atc-compact" class="css-y94ivq" style="width: 45px;"><button type="button" class="chakra-button css-mudsm6" data-testid="atc-button"><svg stroke="currentColor" fill="currentColor" stroke-width="0" viewBox="0 0 24 24" focusable="false" class="chakra-icon css-1g3sp7a" data-testid="btn-icon" aria-hidden="true" height="1em" width="1em" xmlns="http://www.w3.org/2000/svg"><path d="M19 13h-6v6h-2v-6H5v-2h6V5h2v6h6v2z"></path></svg><span class="css-idkz9h">Add Vegetable Yakisoba to cart</span></button></div></div></div></div></div></li><li class="css-0"><div class="chakra-linkbox css-10n1vic"><div class="css-1wtvlx1"><div data-testid="product-image" class="css-1ilyd09"><img alt="Flake Outs™ Madagascar Vanilla Croissant Donuts" src="https://assets.shop.loblaws.ca/products/21590412/b1/en/front/21590412_front_a07.png" loading="lazy" class="chakra-image css-1r75va2" aria-hidden="true"></div><div class="css-zg1vud"><a href="/flake-outs-madagascar-vanilla-croissant-donuts/p/21590412_EA" class="chakra-linkbox__overlay css-4i2qqf"><div class="css-l768tc"><div class="css-0"><h3 class="chakra-heading css-h0x1ij" id="21590412_EA" data-testid="product-title">Flake Outs™ Madagascar Vanilla Croissant Donuts</h3></div><div data-testid="product-price" class="css-8atqhb"><p class="chakra-text css-0"><span class="chakra-text css-pwnbcb" data-testid="regular-price"><span class="css-idkz9h">$7.00</span>$7.00</span></p></div></div></a></div><div class="css-1dtig0a"><div id="atc-container" class="css-fpf731"><div data-testid="atc-compact" class="css-y94ivq" style="width: 45px;"><button type="button" class="chakra-button css-mudsm6" data-testid="atc-button"><svg stroke="currentColor" fill="currentColor" stroke-width="0" viewBox="0 0 24 24" focusable="false" class="chakra-icon css-1g3sp7a" data-testid="btn-icon" aria-hidden="true" height="1em" width="1em" xmlns="http://www.w3.org/2000/svg"><path d="M19 13h-6v6h-2v-6H5v-2h6V5h2v6h6v2z"></path></svg><span class="css-idkz9h">Add Flake Outs™ Madagascar Vanilla Croissant Donuts to cart</span></button></div></div></div></div></div></li><li class="css-0"><div class="chakra-linkbox css-10n1vic"><div class="css-1wtvlx1"><div data-testid="product-image" class="css-1ilyd09"><img alt="M'AQUA Mule Cocktail Flavoured Sparkling Water" src="https://assets.shop.loblaws.ca/products/21590689/b1/en/front/21590689_front_a07.png" loading="lazy" class="chakra-image css-1r75va2" aria-hidden="true"></div><div class="css-zg1vud"><a href="/m-aqua-mule-cocktail-flavoured-sparkling-water/p/21590689_C06" class="chakra-linkbox__overlay css-4i2qqf"><div class="css-l768tc"><div class="css-0"><h3 class="chakra-heading css-h0x1ij" id="21590689_C06" data-testid="product-title">M'AQUA Mule Cocktail Flavoured Sparkling Water</h3></div><div data-testid="product-price" class="css-8atqhb"><p class="chakra-text css-0"><span class="chakra-text css-pwnbcb" data-testid="regular-price"><span class="css-idkz9h">$4.50</span>$4.50</span></p></div></div></a></div><div class="css-1dtig0a"><div id="atc-container" class="css-fpf731"><div data-testid="atc-compact" class="css-y94ivq" style="width: 45px;"><button type="button" class="chakra-button css-mudsm6" data-testid="atc-button"><svg stroke="currentColor" fill="currentColor" stroke-width="0" viewBox="0 0 24 24" focusable="false" class="chakra-icon css-1g3sp7a" data-testid="btn-icon" aria-hidden="true" height="1em" width="1em" xmlns="http://www.w3.org/2000/svg"><path d="M19 13h-6v6h-2v-6H5v-2h6V5h2v6h6v2z"></path></svg><span class="css-idkz9h">Add M'AQUA Mule Cocktail Flavoured Sparkling Water to cart</span></button></div></div></div></div></div></li><li class="css-0"><div class="chakra-linkbox css-10n1vic"><div class="css-1wtvlx1"><div data-testid="product-image" class="css-1ilyd09"><img alt="M'AQUA Tequila Sunrise Cocktail Flavoured Sparkling Water" src="https://assets.shop.loblaws.ca/products/21590813/b1/en/front/21590813_front_a07.png" loading="lazy" class="chakra-image css-1r75va2" aria-hidden="true"></div><div class="css-zg1vud"><a href="/m-aqua-tequila-sunrise-cocktail-flavoured-sparklin/p/21590813_C06" class="chakra-linkbox__overlay css-4i2qqf"><div class="css-l768tc"><div class="css-0"><h3 class="chakra-heading css-h0x1ij" id="21590813_C06" data-testid="product-title">M'AQUA Tequila Sunrise Cocktail Flavoured Sparkling Water</h3></div><div data-testid="product-price" class="css-8atqhb"><p class="chakra-text css-0"><span class="chakra-text css-pwnbcb" data-testid="regular-price"><span class="css-idkz9h">$4.50</span>$4.50</span></p></div></div></a></div><div class="css-1dtig0a"><div id="atc-container" class="css-fpf731"><div data-testid="atc-compact" class="css-y94ivq" style="width: 45px;"><button type="button" class="chakra-button css-mudsm6" data-testid="atc-button"><svg stroke="currentColor" fill="currentColor" stroke-width="0" viewBox="0 0 24 24" focusable="false" class="chakra-icon css-1g3sp7a" data-testid="btn-icon" aria-hidden="true" height="1em" width="1em" xmlns="http://www.w3.org/2000/svg"><path d="M19 13h-6v6h-2v-6H5v-2h6V5h2v6h6v2z"></path></svg><span class="css-idkz9h">Add M'AQUA Tequila Sunrise Cocktail Flavoured Sparkling Water to cart</span></button></div></div></div></div></div></li><li class="css-0"><div class="chakra-linkbox css-10n1vic"><div class="css-1wtvlx1"><div data-testid="product-image" class="css-1ilyd09"><img alt="Sweet &amp; Smoky Barbecue Butterflied Black Tiger Shrimp " src="https://assets.shop.loblaws.ca/products/21559382/b1/en/front/21559382_front_a07.png" loading="lazy" class="chakra-image css-1r75va2" aria-hidden="true"></div><div class="css-zg1vud"><a href="/sweet-smoky-barbecue-butterflied-black-tiger-shrim/p/21559382_EA" class="chakra-linkbox__overlay css-4i2qqf"><div class="css-l768tc"><div class="css-0"><h3 class="chakra-heading css-h0x1ij" id="21559382_EA" data-testid="product-title">Sweet &amp; Smoky Barbecue Butterflied Black Tiger Shrimp </h3></div><div data-testid="product-price" class="css-8atqhb"><p class="chakra-text css-0"><span class="chakra-text css-pwnbcb" data-testid="regular-price"><span class="css-idkz9h">$15.00</span>$15.00</span></p></div></div></a></div><div class="css-1dtig0a"><div id="atc-container" class="css-fpf731"><div data-testid="atc-compact" class="css-y94ivq" style="width: 45px;"><button type="button" class="chakra-button css-mudsm6" data-testid="atc-button"><svg stroke="currentColor" fill="currentColor" stroke-width="0" viewBox="0 0 24 24" focusable="false" class="chakra-icon css-1g3sp7a" data-testid="btn-icon" aria-hidden="true" height="1em" width="1em" xmlns="http://www.w3.org/2000/svg"><path d="M19 13h-6v6h-2v-6H5v-2h6V5h2v6h6v2z"></path></svg><span class="css-idkz9h">Add Sweet &amp; Smoky Barbecue Butterflied Black Tiger Shrimp  to cart</span></button></div></div></div></div></div></li><li class="css-0"><div class="chakra-linkbox css-10n1vic"><div class="css-1wtvlx1"><div data-testid="product-image" class="css-1ilyd09"><img alt="Flake Outs™ Double Chocolate Croissant Donuts" src="https://assets.shop.loblaws.ca/products/21590229/b1/en/front/21590229_front_a07.png" loading="lazy" class="chakra-image css-1r75va2" aria-hidden="true"></div><div class="css-zg1vud"><a href="/flake-outs-double-chocolate-croissant-donuts/p/21590229_EA" class="chakra-linkbox__overlay css-4i2qqf"><div class="css-l768tc"><div class="css-0"><h3 class="chakra-heading css-h0x1ij" id="21590229_EA" data-testid="product-title">Flake Outs™ Double Chocolate Croissant Donuts</h3></div><div data-testid="product-price" class="css-8atqhb"><p class="chakra-text css-0"><span class="chakra-text css-pwnbcb" data-testid="regular-price"><span class="css-idkz9h">$7.00</span>$7.00</span></p></div></div></a></div><div class="css-1dtig0a"><div id="atc-container" class="css-fpf731"><div data-testid="atc-compact" class="css-y94ivq" style="width: 45px;"><button type="button" class="chakra-button css-mudsm6" data-testid="atc-button"><svg stroke="currentColor" fill="currentColor" stroke-width="0" viewBox="0 0 24 24" focusable="false" class="chakra-icon css-1g3sp7a" data-testid="btn-icon" aria-hidden="true" height="1em" width="1em" xmlns="http://www.w3.org/2000/svg"><path d="M19 13h-6v6h-2v-6H5v-2h6V5h2v6h6v2z"></path></svg><span class="css-idkz9h">Add Flake Outs™ Double Chocolate Croissant Donuts to cart</span></button></div></div></div></div></div></li><li class="css-0"><div class="chakra-linkbox css-10n1vic"><div class="css-1wtvlx1"><div data-testid="product-image" class="css-1ilyd09"><img alt="Flake Outs™ Blueberry Crumble Croissant Donuts" src="https://assets.shop.loblaws.ca/products/21590392/b1/en/front/21590392_front_a07.png" loading="lazy" class="chakra-image css-1r75va2" aria-hidden="true"></div><div class="css-zg1vud"><a href="/flake-outs-blueberry-crumble-croissant-donuts/p/21590392_EA" class="chakra-linkbox__overlay css-4i2qqf"><div class="css-l768tc"><div class="css-0"><h3 class="chakra-heading css-h0x1ij" id="21590392_EA" data-testid="product-title">Flake Outs™ Blueberry Crumble Croissant Donuts</h3></div><div data-testid="product-price" class="css-8atqhb"><p class="chakra-text css-0"><span class="chakra-text css-pwnbcb" data-testid="regular-price"><span class="css-idkz9h">$7.00</span>$7.00</span></p></div></div></a></div><div class="css-1dtig0a"><div id="atc-container" class="css-fpf731"><div data-testid="atc-compact" class="css-y94ivq" style="width: 45px;"><button type="button" class="chakra-button css-mudsm6" data-testid="atc-button"><svg stroke="currentColor" fill="currentColor" stroke-width="0" viewBox="0 0 24 24" focusable="false" class="chakra-icon css-1g3sp7a" data-testid="btn-icon" aria-hidden="true" height="1em" width="1em" xmlns="http://www.w3.org/2000/svg"><path d="M19 13h-6v6h-2v-6H5v-2h6V5h2v6h6v2z"></path></svg><span class="css-idkz9h">Add Flake Outs™ Blueberry Crumble Croissant Donuts to cart</span></button></div></div></div></div></div></li><li class="css-0"><div class="chakra-linkbox css-10n1vic"><div class="css-1wtvlx1"><div data-testid="product-image" class="css-1ilyd09"><img alt="Granadillas" src="https://assets.shop.loblaws.ca/products/21575901001/b1/en/front/21575901001_front_a07.png" loading="lazy" class="chakra-image css-1r75va2" aria-hidden="true"></div><div class="css-zg1vud"><a href="/granadillas/p/21575901001_EA" class="chakra-linkbox__overlay css-4i2qqf"><div class="css-l768tc"><div class="css-0"><h3 class="chakra-heading css-h0x1ij" id="21575901001_EA" data-testid="product-title">Granadillas</h3></div><div data-testid="product-price" class="css-8atqhb"><p class="chakra-text css-0"><span class="chakra-text css-pwnbcb" data-testid="regular-price"><span class="css-idkz9h">$6.00</span>$6.00</span></p></div></div></a></div><div class="css-1dtig0a"><div id="atc-container" class="css-fpf731"><div data-testid="atc-compact" class="css-y94ivq" style="width: 45px;"><button type="button" class="chakra-button css-mudsm6" data-testid="atc-button"><svg stroke="currentColor" fill="currentColor" stroke-width="0" viewBox="0 0 24 24" focusable="false" class="chakra-icon css-1g3sp7a" data-testid="btn-icon" aria-hidden="true" height="1em" width="1em" xmlns="http://www.w3.org/2000/svg"><path d="M19 13h-6v6h-2v-6H5v-2h6V5h2v6h6v2z"></path></svg><span class="css-idkz9h">Add Granadillas to cart</span></button></div></div></div></div></div></li><li class="css-0"><div class="chakra-linkbox css-10n1vic"><div class="css-1wtvlx1"><div data-testid="product-image" class="css-1ilyd09"><img alt="Mangosteen" src="https://assets.shop.loblaws.ca/products/21575865001/b1/en/front/21575865001_front_a07.png" loading="lazy" class="chakra-image css-1r75va2" aria-hidden="true"></div><div class="css-zg1vud"><a href="/mangosteen/p/21575865001_EA" class="chakra-linkbox__overlay css-4i2qqf"><div class="css-l768tc"><div class="css-0"><h3 class="chakra-heading css-h0x1ij" id="21575865001_EA" data-testid="product-title">Mangosteen</h3></div><div data-testid="product-price" class="css-8atqhb"><p class="chakra-text css-0"><span class="chakra-text css-pwnbcb" data-testid="regular-price"><span class="css-idkz9h">$6.00</span>$6.00</span></p></div></div></a></div><div class="css-1dtig0a"><div id="atc-container" class="css-fpf731"><div data-testid="atc-compact" class="css-y94ivq" style="width: 45px;"><button type="button" class="chakra-button css-mudsm6" data-testid="atc-button"><svg stroke="currentColor" fill="currentColor" stroke-width="0" viewBox="0 0 24 24" focusable="false" class="chakra-icon css-1g3sp7a" data-testid="btn-icon" aria-hidden="true" height="1em" width="1em" xmlns="http://www.w3.org/2000/svg"><path d="M19 13h-6v6h-2v-6H5v-2h6V5h2v6h6v2z"></path></svg><span class="css-idkz9h">Add Mangosteen to cart</span></button></div></div></div></div></div></li><li class="css-0"><div class="chakra-linkbox css-10n1vic"><div class="css-1wtvlx1"><div data-testid="product-image" class="css-1ilyd09"><img alt="Purple Passion Fruit" src="https://assets.shop.loblaws.ca/products/21575820001/b1/en/front/21575820001_front_a07.png" loading="lazy" class="chakra-image css-1r75va2" aria-hidden="true"></div><div class="css-zg1vud"><a href="/purple-passion-fruit/p/21575820001_EA" class="chakra-linkbox__overlay css-4i2qqf"><div class="css-l768tc"><div class="css-0"><h3 class="chakra-heading css-h0x1ij" id="21575820001_EA" data-testid="product-title">Purple Passion Fruit</h3></div><div data-testid="product-price" class="css-8atqhb"><p class="chakra-text css-0"><span class="chakra-text css-pwnbcb" data-testid="regular-price"><span class="css-idkz9h">$6.00</span>$6.00</span></p></div></div></a></div><div class="css-1dtig0a"><div id="atc-container" class="css-fpf731"><div data-testid="atc-compact" class="css-y94ivq" style="width: 45px;"><button type="button" class="chakra-button css-mudsm6" data-testid="atc-button"><svg stroke="currentColor" fill="currentColor" stroke-width="0" viewBox="0 0 24 24" focusable="false" class="chakra-icon css-1g3sp7a" data-testid="btn-icon" aria-hidden="true" height="1em" width="1em" xmlns="http://www.w3.org/2000/svg"><path d="M19 13h-6v6h-2v-6H5v-2h6V5h2v6h6v2z"></path></svg><span class="css-idkz9h">Add Purple Passion Fruit to cart</span></button></div></div></div></div></div></li><li class="css-0"><div class="chakra-linkbox css-10n1vic"><div class="css-1wtvlx1"><div data-testid="product-image" class="css-1ilyd09"><img alt="Yellow Pitahaya" src="https://assets.shop.loblaws.ca/products/21575847001/b1/en/front/21575847001_front_a07.png" loading="lazy" class="chakra-image css-1r75va2" aria-hidden="true"></div><div class="css-zg1vud"><a href="/yellow-pitahaya/p/21575847001_EA" class="chakra-linkbox__overlay css-4i2qqf"><div class="css-l768tc"><div class="css-0"><h3 class="chakra-heading css-h0x1ij" id="21575847001_EA" data-testid="product-title">Yellow Pitahaya</h3></div><div data-testid="product-price" class="css-8atqhb"><p class="chakra-text css-0"><span class="chakra-text css-pwnbcb" data-testid="regular-price"><span class="css-idkz9h">$5.00</span>$5.00</span></p></div></div></a></div><div class="css-1dtig0a"><div id="atc-container" class="css-fpf731"><div data-testid="atc-compact" class="css-y94ivq" style="width: 45px;"><button type="button" class="chakra-button css-mudsm6" data-testid="atc-button"><svg stroke="currentColor" fill="currentColor" stroke-width="0" viewBox="0 0 24 24" focusable="false" class="chakra-icon css-1g3sp7a" data-testid="btn-icon" aria-hidden="true" height="1em" width="1em" xmlns="http://www.w3.org/2000/svg"><path d="M19 13h-6v6h-2v-6H5v-2h6V5h2v6h6v2z"></path></svg><span class="css-idkz9h">Add Yellow Pitahaya to cart</span></button></div></div></div></div></div></li></ul></div></div><div id=":ro:" class="css-0"> </div></div><div class="chakra-container css-1yvva6b" data-testid="section"><div class="css-147ar3n"><div class="css-2imjyh"></div><div class="css-owofrc"><div class="css-1pzcvyn"><div class="css-1pzcvyn"><h2 class="chakra-heading css-1thmpx" data-testid="heading">Shop Categories</h2></div></div></div></div><a class="chakra-link css-14qfziv" href="#:rp:">Skip Shop Categories</a><div data-testid="scroller" class="css-10cksfv"><div class="indiana-scroll-container"><div class="css-1n5y1q"><div data-testid="card" class="css-1uwjmhu"><a class="chakra-link css-13jvj27" href="/collection/new-arrivals?icid=gr_newarrivals-shop-categories_tile_1_hp" data-testid="menu-tile-link"><div data-testid="card-media" class="css-3t1x0z"><img alt="" src="https://dis-prod.assetful.loblaw.ca/content/dam/loblaw-companies-limited/creative-assets/helios/pc-express-app-browse-tile-images/new.png" loading="lazy" class="chakra-image css-0" data-testid="menu-tile-image"></div><div data-testid="card-content" class="css-7nxyxv"><p class="chakra-text css-1t0ix7u" data-testid="menu-tile-label">New Arrivals</p></div></a></div><div data-testid="card" class="css-1uwjmhu"><a class="chakra-link css-13jvj27" href="/food/fruits-vegetables/c/28000?navid=flyout-L2-fruits-vegetables&amp;icid=gr_fruits-vegetables-shop-categories_tile_3_hp" data-testid="menu-tile-link"><div data-testid="card-media" class="css-3t1x0z"><img alt="" src="https://dis-prod.assetful.loblaw.ca/content/dam/loblaw-companies-limited/creative-assets/helios/pc-express-app-browse-tile-images/Fruits%20and%20Vegetables.png" loading="lazy" class="chakra-image css-0" data-testid="menu-tile-image"></div><div data-testid="card-content" class="css-7nxyxv"><p class="chakra-text css-1t0ix7u" data-testid="menu-tile-label">Fruits &amp; Vegetables</p></div></a></div><div data-testid="card" class="css-1uwjmhu"><a class="chakra-link css-13jvj27" href="/food/dairy-eggs/c/28003?icid=gr_dairyeggs-shop-categories_tile_4_hp" data-testid="menu-tile-link"><div data-testid="card-media" class="css-3t1x0z"><img alt="" src="https://dis-prod.assetful.loblaw.ca/content/dam/loblaw-companies-limited/creative-assets/helios/pc-express-app-browse-tile-images/Dairy%20and%20Eggs.png" loading="lazy" class="chakra-image css-0" data-testid="menu-tile-image"></div><div data-testid="card-content" class="css-7nxyxv"><p class="chakra-text css-1t0ix7u" data-testid="menu-tile-label">Dairy &amp; Eggs</p></div></a></div><div data-testid="card" class="css-1uwjmhu"><a class="chakra-link css-13jvj27" href="/food/meat/c/27998?icid=gr_meat-shop-categories_tile_5_hp" data-testid="menu-tile-link"><div data-testid="card-media" class="css-3t1x0z"><img alt="" src="https://dis-prod.assetful.loblaw.ca/content/dam/loblaw-companies-limited/creative-assets/helios/pc-express-app-browse-tile-images/Meat.png" loading="lazy" class="chakra-image css-0" data-testid="menu-tile-image"></div><div data-testid="card-content" class="css-7nxyxv"><p class="chakra-text css-1t0ix7u" data-testid="menu-tile-label">Meat</p></div></a></div><div data-testid="card" class="css-1uwjmhu"><a class="chakra-link css-13jvj27" href="/food/bakery/c/28002?icid=gr_bakery-shop-categories_tile_6_hp" data-testid="menu-tile-link"><div data-testid="card-media" class="css-3t1x0z"><img alt="" src="https://dis-prod.assetful.loblaw.ca/content/dam/loblaw-companies-limited/creative-assets/helios/pc-express-app-browse-tile-images/Bakery.png" loading="lazy" class="chakra-image css-0" data-testid="menu-tile-image"></div><div data-testid="card-content" class="css-7nxyxv"><p class="chakra-text css-1t0ix7u" data-testid="menu-tile-label">Bakery</p></div></a></div><div data-testid="card" class="css-1uwjmhu"><a class="chakra-link css-13jvj27" href="/food/pantry/c/28006?icid=gr_pantry-shop-categories_tile_7_hp" data-testid="menu-tile-link"><div data-testid="card-media" class="css-3t1x0z"><img alt="" src="https://dis-prod.assetful.loblaw.ca/content/dam/loblaw-companies-limited/creative-assets/helios/pc-express-app-browse-tile-images/Pantry.png" loading="lazy" class="chakra-image css-0" data-testid="menu-tile-image"></div><div data-testid="card-content" class="css-7nxyxv"><p class="chakra-text css-1t0ix7u" data-testid="menu-tile-label">Pantry</p></div></a></div><div data-testid="card" class="css-1uwjmhu"><a class="chakra-link css-13jvj27" href="/food/deli/c/28001?navid=flyout-L2-Deli&amp;icid=gr_deli_menutile_8_hp" data-testid="menu-tile-link"><div data-testid="card-media" class="css-3t1x0z"><img alt="Deli" src="https://dis-prod.assetful.loblaw.ca/content/dam/loblaw-companies-limited/creative-assets/pc-express-app/app-browse-navigation-images/Deli%403x.png" loading="lazy" class="chakra-image css-0" data-testid="menu-tile-image"></div><div data-testid="card-content" class="css-7nxyxv"><p class="chakra-text css-1t0ix7u" data-testid="menu-tile-label">Deli</p></div></a></div><div data-testid="card" class="css-1uwjmhu"><a class="chakra-link css-13jvj27" href="/food/frozen/c/28005?navid=flyout-L2-Frozen&amp;icid=gr_frozen_menutile_11_hp" data-testid="menu-tile-link"><div data-testid="card-media" class="css-3t1x0z"><img alt="Frozen" src="https://dis-prod.assetful.loblaw.ca/content/dam/loblaw-companies-limited/creative-assets/pc-express-app/app-browse-navigation-images/Frozen%403x.png" loading="lazy" class="chakra-image css-0" data-testid="menu-tile-image"></div><div data-testid="card-content" class="css-7nxyxv"><p class="chakra-text css-1t0ix7u" data-testid="menu-tile-label">Frozen</p></div></a></div><div data-testid="card" class="css-1uwjmhu"><a class="chakra-link css-13jvj27" href="/food/drinks/c/28004?icid=gr_drinks-shop-categories_tile_12_hp" data-testid="menu-tile-link"><div data-testid="card-media" class="css-3t1x0z"><img alt="" src="https://dis-prod.assetful.loblaw.ca/content/dam/loblaw-companies-limited/creative-assets/helios/pc-express-app-browse-tile-images/Drinks.png" loading="lazy" class="chakra-image css-0" data-testid="menu-tile-image"></div><div data-testid="card-content" class="css-7nxyxv"><p class="chakra-text css-1t0ix7u" data-testid="menu-tile-label">Drinks</p></div></a></div><div data-testid="card" class="css-1uwjmhu"><a class="chakra-link css-13jvj27" href="/food/fish-seafood/c/27999?navid=flyout-L2-Fish-and-Seafood&amp;icid=gr_seafood_menutile_9_hp" data-testid="menu-tile-link"><div data-testid="card-media" class="css-3t1x0z"><img alt="Seafood" src="https://dis-prod.assetful.loblaw.ca/content/dam/loblaw-companies-limited/creative-assets/pc-express-app/app-browse-navigation-images/Fish%20-%20Seafood%403x.png" loading="lazy" class="chakra-image css-0" data-testid="menu-tile-image"></div><div data-testid="card-content" class="css-7nxyxv"><p class="chakra-text css-1t0ix7u" data-testid="menu-tile-label">Seafood</p></div></a></div><div data-testid="card" class="css-1uwjmhu"><a class="chakra-link css-13jvj27" href="/floral-shop/c/58821?icid=gr_floral-shop-categories_tile_13_hp" data-testid="menu-tile-link"><div data-testid="card-media" class="css-3t1x0z"><img alt="" src="https://dis-prod.assetful.loblaw.ca/content/dam/loblaw-companies-limited/creative-assets/helios/pc-express-app-browse-tile-images/Floral.png" loading="lazy" class="chakra-image css-0" data-testid="menu-tile-image"></div><div data-testid="card-content" class="css-7nxyxv"><p class="chakra-text css-1t0ix7u" data-testid="menu-tile-label">Floral</p></div></a></div><div data-testid="card" class="css-1uwjmhu"><a class="chakra-link css-13jvj27" href="/baby/c/27987?icid=gr_baby-shop-categories_tile_11_hp" data-testid="menu-tile-link"><div data-testid="card-media" class="css-3t1x0z"><img alt="" src="https://dis-prod.assetful.loblaw.ca/content/dam/loblaw-companies-limited/creative-assets/helios/pc-express-app-browse-tile-images/Baby.png" loading="lazy" class="chakra-image css-0" data-testid="menu-tile-image"></div><div data-testid="card-content" class="css-7nxyxv"><p class="chakra-text css-1t0ix7u" data-testid="menu-tile-label">Baby</p></div></a></div><div data-testid="card" class="css-1uwjmhu"><a class="chakra-link css-13jvj27" href="/joe-fresh/c/56017?icid=gr_jf-shop-categories_tile_14_hp" data-testid="menu-tile-link"><div data-testid="card-media" class="css-3t1x0z"><img alt="" src="https://dis-prod.assetful.loblaw.ca/content/dam/loblaw-companies-limited/creative-assets/helios/pc-express-app-browse-tile-images/Joe%20Fresh.png" loading="lazy" class="chakra-image css-0" data-testid="menu-tile-image"></div><div data-testid="card-content" class="css-7nxyxv"><p class="chakra-text css-1t0ix7u" data-testid="menu-tile-label">Joe Fresh</p></div></a></div></div></div></div><div id=":rp:" class="css-0"> </div></div><div class="chakra-container css-1yvva6b" data-testid="section"><div class="css-147ar3n"><div class="css-2imjyh"></div><div class="css-owofrc"><div class="css-1pzcvyn"><div class="css-1pzcvyn"><h2 class="chakra-heading css-1thmpx" data-testid="heading">Weekly Flyer Features</h2></div></div><a class="chakra-link css-jmtsim" data-testid="header-link" href="/collection/featured-items?icid=gr_weekly-flyer_productcarousel_2_hp" aria-label="Shop all Weekly Flyer Features">Shop all</a></div></div><a class="chakra-link css-14qfziv" href="#:rq:">skip Weekly Flyer Features</a><div class="css-10cksfv"><div class="indiana-scroll-container"><ul role="list" class="css-7i2yy7"><li tabindex="-1" class="css-0"><div class="css-f5i5wc"><div class="chakra-linkbox css-vhnn8v"><div data-testid="product-image" class="css-16dr4ly"><img alt="null Chicken Breast Boneless Skinless Club Pack $11.00/1kg $4.99/1lb" src="https://assets.shop.loblaws.ca/products/20028450/b1/en/front/20028450_front_a01_@2.png" srcset="https://assets.shop.loblaws.ca/products/20028450/b1/en/front/20028450_front_a01_@2.png 1x, https://assets.shop.loblaws.ca/products/20028450/b1/en/front/20028450_front_a01_@2.png 2x" loading="lazy" class="chakra-image css-oguq8l" aria-hidden="true"></div><div class="css-qoklea"><div class="css-12dchmx"></div><div data-testid="price-product-tile" class="css-8atqhb"><p class="chakra-text css-0"><span class="chakra-text css-o93gbd" data-testid="sale-price"><span class="css-idkz9h">about $12.99</span>about $12.99</span><span class="chakra-text css-623q5h" data-testid="was-price"><span class="css-idkz9h">$20.80</span>$20.80</span></p><p class="chakra-text css-1m5a6y8" data-testid="price-descriptor">SAVE $7.81</p></div><a href="/chicken-breast-boneless-skinless-club-pack/p/20028450_KG?source=nspt" class="chakra-linkbox__overlay css-1hnz6hu"><div class="css-0"><h3 class="chakra-heading css-6qrhwc" id="20028450_KG" data-testid="product-title">Chicken Breast Boneless Skinless Club Pack</h3><p class="chakra-text css-1yftjin" data-testid="product-package-size">$11.00/1kg $4.99/1lb</p></div></a><div class="css-8keand"></div></div><div class="css-1q5omjq"><div class="css-fcebb8"><div data-testid="atc-compact" class="css-y94ivq" style="width: 45px;"><button type="button" class="chakra-button css-mudsm6" data-testid="atc-button"><svg stroke="currentColor" fill="currentColor" stroke-width="0" viewBox="0 0 24 24" focusable="false" class="chakra-icon css-1g3sp7a" data-testid="btn-icon" aria-hidden="true" height="1em" width="1em" xmlns="http://www.w3.org/2000/svg"><path d="M19 13h-6v6h-2v-6H5v-2h6V5h2v6h6v2z"></path></svg><span class="css-idkz9h">Add Chicken Breast Boneless Skinless Club Pack to cart</span></button></div></div></div></div></div></li><li tabindex="-1" class="css-0"><div class="css-f5i5wc"><div class="chakra-linkbox css-vhnn8v"><div data-testid="product-image" class="css-16dr4ly"><img alt="null Pork Loin Chop Boneless Club Pack $8.31/1kg $3.77/1lb" src="https://assets.shop.loblaws.ca/products/20826506/b1/en/front/20826506_front_a01_@2.png" srcset="https://assets.shop.loblaws.ca/products/20826506/b1/en/front/20826506_front_a01_@2.png 1x, https://assets.shop.loblaws.ca/products/20826506/b1/en/front/20826506_front_a01_@2.png 2x" loading="lazy" class="chakra-image css-oguq8l" aria-hidden="true"></div><div class="css-qoklea"><div class="css-12dchmx"></div><div data-testid="price-product-tile" class="css-8atqhb"><p class="chakra-text css-0"><span class="chakra-text css-o93gbd" data-testid="sale-price"><span class="css-idkz9h">about $7.17</span>about $7.17</span><span class="chakra-text css-623q5h" data-testid="was-price"><span class="css-idkz9h">$10.44</span>$10.44</span></p><p class="chakra-text css-1m5a6y8" data-testid="price-descriptor">SAVE $3.27</p></div><a href="/pork-loin-chop-boneless-club-pack/p/20826506_KG?source=nspt" class="chakra-linkbox__overlay css-1hnz6hu"><div class="css-0"><h3 class="chakra-heading css-6qrhwc" id="20826506_KG" data-testid="product-title">Pork Loin Chop Boneless Club Pack</h3><p class="chakra-text css-1yftjin" data-testid="product-package-size">$8.31/1kg $3.77/1lb</p></div></a><div class="css-8keand"></div></div><div class="css-1q5omjq"><div class="css-fcebb8"><div data-testid="atc-compact" class="css-y94ivq" style="width: 45px;"><button type="button" class="chakra-button css-mudsm6" data-testid="atc-button"><svg stroke="currentColor" fill="currentColor" stroke-width="0" viewBox="0 0 24 24" focusable="false" class="chakra-icon css-1g3sp7a" data-testid="btn-icon" aria-hidden="true" height="1em" width="1em" xmlns="http://www.w3.org/2000/svg"><path d="M19 13h-6v6h-2v-6H5v-2h6V5h2v6h6v2z"></path></svg><span class="css-idkz9h">Add Pork Loin Chop Boneless Club Pack to cart</span></button></div></div></div></div></div></li><li tabindex="-1" class="css-0"><div class="css-f5i5wc"><div class="chakra-linkbox css-vhnn8v"><div data-testid="product-image" class="css-16dr4ly"><img alt="President's Choice Smoked Wild Sockeye Salmon 150 g, $5.99/100g" src="https://assets.shop.loblaws.ca/products/20055009/b1/en/front/20055009_front_a01_@2.png" srcset="https://assets.shop.loblaws.ca/products/20055009/b1/en/front/20055009_front_a01_@2.png 1x, https://assets.shop.loblaws.ca/products/20055009/b1/en/front/20055009_front_a01_@2.png 2x" loading="lazy" class="chakra-image css-oguq8l" aria-hidden="true"></div><div class="css-qoklea"><div class="css-12dchmx"></div><div data-testid="price-product-tile" class="css-8atqhb"><p class="chakra-text css-0"><span class="chakra-text css-o93gbd" data-testid="sale-price"><span class="css-idkz9h">$8.99</span>$8.99</span><span class="chakra-text css-623q5h" data-testid="was-price"><span class="css-idkz9h">$12.99</span>$12.99</span></p><p class="chakra-text css-1m5a6y8" data-testid="price-descriptor">SAVE $4.00</p></div><a href="/smoked-wild-sockeye-salmon/p/20055009_EA?source=nspt" class="chakra-linkbox__overlay css-1hnz6hu"><div class="css-0"><p class="chakra-text css-1ecdp9w" data-testid="product-brand">President's Choice</p><h3 class="chakra-heading css-6qrhwc" id="20055009_EA" data-testid="product-title">Smoked Wild Sockeye Salmon</h3><p class="chakra-text css-1yftjin" data-testid="product-package-size">150 g, $5.99/100g</p></div></a><div class="css-8keand"></div></div><div class="css-1q5omjq"><div class="css-fcebb8"><div data-testid="atc-compact" class="css-y94ivq" style="width: 45px;"><button type="button" class="chakra-button css-mudsm6" data-testid="atc-button"><svg stroke="currentColor" fill="currentColor" stroke-width="0" viewBox="0 0 24 24" focusable="false" class="chakra-icon css-1g3sp7a" data-testid="btn-icon" aria-hidden="true" height="1em" width="1em" xmlns="http://www.w3.org/2000/svg"><path d="M19 13h-6v6h-2v-6H5v-2h6V5h2v6h6v2z"></path></svg><span class="css-idkz9h">Add Smoked Wild Sockeye Salmon to cart</span></button></div></div></div></div></div></li><li tabindex="-1" class="css-0"><div class="css-f5i5wc"><div class="chakra-linkbox css-vhnn8v"><div data-testid="product-image" class="css-16dr4ly"><img alt="null Blueberries 1 pint 340 g, $0.59/100g" src="https://assets.shop.loblaws.ca/products/20080137001/b1/en/front/20080137001_front_a01_@2.png" srcset="https://assets.shop.loblaws.ca/products/20080137001/b1/en/front/20080137001_front_a01_@2.png 1x, https://assets.shop.loblaws.ca/products/20080137001/b1/en/front/20080137001_front_a01_@2.png 2x" loading="lazy" class="chakra-image css-oguq8l" aria-hidden="true"></div><div class="css-qoklea"><div class="css-12dchmx"></div><div data-testid="price-product-tile" class="css-8atqhb"><p class="chakra-text css-0"><span class="chakra-text css-o93gbd" data-testid="sale-price"><span class="css-idkz9h">$1.99</span>$1.99</span><span class="chakra-text css-623q5h" data-testid="was-price"><span class="css-idkz9h">$5.99</span>$5.99</span></p><p class="chakra-text css-1m5a6y8" data-testid="price-descriptor">SAVE $4.00</p></div><a href="/blueberries-1-pint/p/20080137001_EA?source=nspt" class="chakra-linkbox__overlay css-1hnz6hu"><div class="css-0"><h3 class="chakra-heading css-6qrhwc" id="20080137001_EA" data-testid="product-title">Blueberries 1 pint</h3><p class="chakra-text css-1yftjin" data-testid="product-package-size">340 g, $0.59/100g</p></div></a><div class="css-8keand"></div></div><div class="css-1q5omjq"><div class="css-fcebb8"><div data-testid="atc-compact" class="css-y94ivq" style="width: 45px;"><button type="button" class="chakra-button css-mudsm6" data-testid="atc-button"><svg stroke="currentColor" fill="currentColor" stroke-width="0" viewBox="0 0 24 24" focusable="false" class="chakra-icon css-1g3sp7a" data-testid="btn-icon" aria-hidden="true" height="1em" width="1em" xmlns="http://www.w3.org/2000/svg"><path d="M19 13h-6v6h-2v-6H5v-2h6V5h2v6h6v2z"></path></svg><span class="css-idkz9h">Add Blueberries 1 pint to cart</span></button></div></div></div></div></div></li><li tabindex="-1" class="css-0"><div class="css-f5i5wc"><div class="chakra-linkbox css-vhnn8v"><div data-testid="product-image" class="css-16dr4ly"><img alt="null Cauliflower 1 ea, $3.99/1ea" src="https://assets.shop.loblaws.ca/products/20135377001/b1/en/front/20135377001_front_a01_@2.png" srcset="https://assets.shop.loblaws.ca/products/20135377001/b1/en/front/20135377001_front_a01_@2.png 1x, https://assets.shop.loblaws.ca/products/20135377001/b1/en/front/20135377001_front_a01_@2.png 2x" loading="lazy" class="chakra-image css-oguq8l" aria-hidden="true"></div><div class="css-qoklea"><div class="css-12dchmx"></div><div data-testid="price-product-tile" class="css-8atqhb"><p class="chakra-text css-0"><span class="chakra-text css-o93gbd" data-testid="sale-price"><span class="css-idkz9h">$3.99</span>$3.99</span><span class="chakra-text css-623q5h" data-testid="was-price"><span class="css-idkz9h">$4.99</span>$4.99</span></p><p class="chakra-text css-1m5a6y8" data-testid="price-descriptor">SAVE $1.00</p></div><a href="/cauliflower/p/20135377001_EA?source=nspt" class="chakra-linkbox__overlay css-1hnz6hu"><div class="css-0"><h3 class="chakra-heading css-6qrhwc" id="20135377001_EA" data-testid="product-title">Cauliflower</h3><p class="chakra-text css-1yftjin" data-testid="product-package-size">1 ea, $3.99/1ea</p></div></a><div class="css-8keand"></div></div><div class="css-1q5omjq"><div class="css-fcebb8"><div data-testid="atc-compact" class="css-y94ivq" style="width: 45px;"><button type="button" class="chakra-button css-mudsm6" data-testid="atc-button"><svg stroke="currentColor" fill="currentColor" stroke-width="0" viewBox="0 0 24 24" focusable="false" class="chakra-icon css-1g3sp7a" data-testid="btn-icon" aria-hidden="true" height="1em" width="1em" xmlns="http://www.w3.org/2000/svg"><path d="M19 13h-6v6h-2v-6H5v-2h6V5h2v6h6v2z"></path></svg><span class="css-idkz9h">Add Cauliflower to cart</span></button></div></div></div></div></div></li><li tabindex="-1" class="css-0"><div class="css-f5i5wc"><div class="chakra-linkbox css-vhnn8v"><div data-testid="product-image" class="css-16dr4ly"><img alt="Breyers French&nbsp;Vanilla Frozen Dessert with real vanilla  1.66 l, $0.18/100ml" src="https://assets.shop.loblaws.ca/products/20301305002/b1/en/front/20301305002_front_a01_@2.png" srcset="https://assets.shop.loblaws.ca/products/20301305002/b1/en/front/20301305002_front_a01_@2.png 1x, https://assets.shop.loblaws.ca/products/20301305002/b1/en/front/20301305002_front_a01_@2.png 2x" loading="lazy" class="chakra-image css-oguq8l" aria-hidden="true"></div><div class="css-qoklea"><div class="css-12dchmx"></div><div data-testid="price-product-tile" class="css-8atqhb"><p class="chakra-text css-0"><span class="chakra-text css-o93gbd" data-testid="sale-price"><span class="css-idkz9h">$3.00</span>$3.00</span><span class="chakra-text css-623q5h" data-testid="was-price"><span class="css-idkz9h">$6.99</span>$6.99</span></p><p class="chakra-text css-1m5a6y8" data-testid="price-descriptor">SAVE $3.99</p></div><a href="/french-vanilla-frozen-dessert-with-real-vanilla/p/20301305002_EA?source=nspt" class="chakra-linkbox__overlay css-1hnz6hu"><div class="css-0"><p class="chakra-text css-1ecdp9w" data-testid="product-brand">Breyers</p><h3 class="chakra-heading css-6qrhwc" id="20301305002_EA" data-testid="product-title">French&nbsp;Vanilla Frozen Dessert with real vanilla </h3><p class="chakra-text css-1yftjin" data-testid="product-package-size">1.66 l, $0.18/100ml</p></div></a><div class="css-8keand"></div></div><div class="css-1q5omjq"><div class="css-fcebb8"><div data-testid="atc-compact" class="css-y94ivq" style="width: 45px;"><button type="button" class="chakra-button css-mudsm6" data-testid="atc-button"><svg stroke="currentColor" fill="currentColor" stroke-width="0" viewBox="0 0 24 24" focusable="false" class="chakra-icon css-1g3sp7a" data-testid="btn-icon" aria-hidden="true" height="1em" width="1em" xmlns="http://www.w3.org/2000/svg"><path d="M19 13h-6v6h-2v-6H5v-2h6V5h2v6h6v2z"></path></svg><span class="css-idkz9h">Add French&nbsp;Vanilla Frozen Dessert with real vanilla  to cart</span></button></div></div></div></div></div></li><li tabindex="-1" class="css-0"><div class="css-f5i5wc"><div class="chakra-linkbox css-vhnn8v"><div data-testid="product-image" class="css-16dr4ly"><img alt="Kicking Horse Organic Fairtrade Dark Roast Whole Bean Coffee, Kick Ass 454 g, $2.64/100g" src="https://assets.shop.loblaws.ca/products/20322468001/b1/en/front/20322468001_front_a01_@2.png" srcset="https://assets.shop.loblaws.ca/products/20322468001/b1/en/front/20322468001_front_a01_@2.png 1x, https://assets.shop.loblaws.ca/products/20322468001/b1/en/front/20322468001_front_a01_@2.png 2x" loading="lazy" class="chakra-image css-oguq8l" aria-hidden="true"></div><div class="css-qoklea"><div class="css-12dchmx"></div><div data-testid="price-product-tile" class="css-8atqhb"><p class="chakra-text css-0"><span class="chakra-text css-o93gbd" data-testid="sale-price"><span class="css-idkz9h">$11.99</span>$11.99</span><span class="chakra-text css-623q5h" data-testid="was-price"><span class="css-idkz9h">$15.00</span>$15.00</span></p><p class="chakra-text css-1m5a6y8" data-testid="price-descriptor">SAVE $3.01</p></div><a href="/organic-fairtrade-dark-roast-whole-bean-coffee-kic/p/20322468001_EA?source=nspt" class="chakra-linkbox__overlay css-1hnz6hu"><div class="css-0"><p class="chakra-text css-1ecdp9w" data-testid="product-brand">Kicking Horse</p><h3 class="chakra-heading css-6qrhwc" id="20322468001_EA" data-testid="product-title">Organic Fairtrade Dark Roast Whole Bean Coffee, Kick Ass</h3><p class="chakra-text css-1yftjin" data-testid="product-package-size">454 g, $2.64/100g</p></div></a><div class="css-8keand"></div></div><div class="css-1q5omjq"><div class="css-fcebb8"><div data-testid="atc-compact" class="css-y94ivq" style="width: 45px;"><button type="button" class="chakra-button css-mudsm6" data-testid="atc-button"><svg stroke="currentColor" fill="currentColor" stroke-width="0" viewBox="0 0 24 24" focusable="false" class="chakra-icon css-1g3sp7a" data-testid="btn-icon" aria-hidden="true" height="1em" width="1em" xmlns="http://www.w3.org/2000/svg"><path d="M19 13h-6v6h-2v-6H5v-2h6V5h2v6h6v2z"></path></svg><span class="css-idkz9h">Add Organic Fairtrade Dark Roast Whole Bean Coffee, Kick Ass to cart</span></button></div></div></div></div></div></li><li tabindex="-1" class="css-0"><div class="css-f5i5wc"><div class="chakra-linkbox css-vhnn8v"><div data-testid="product-image" class="css-16dr4ly"><img alt="Green Giant Summer Sweet Peas 750 g, $0.40/100g" src="https://assets.shop.loblaws.ca/products/21022302/b1/en/front/21022302_front_a01_@2.png" srcset="https://assets.shop.loblaws.ca/products/21022302/b1/en/front/21022302_front_a01_@2.png 1x, https://assets.shop.loblaws.ca/products/21022302/b1/en/front/21022302_front_a01_@2.png 2x" loading="lazy" class="chakra-image css-oguq8l" aria-hidden="true"></div><div class="css-qoklea"><div class="css-12dchmx"></div><div data-testid="price-product-tile" class="css-8atqhb"><p class="chakra-text css-0"><span class="chakra-text css-o93gbd" data-testid="sale-price"><span class="css-idkz9h">$2.99</span>$2.99</span><span class="chakra-text css-623q5h" data-testid="was-price"><span class="css-idkz9h">$4.49</span>$4.49</span></p><p class="chakra-text css-1m5a6y8" data-testid="price-descriptor">SAVE $1.50</p></div><a href="/summer-sweet-peas/p/21022302_EA?source=nspt" class="chakra-linkbox__overlay css-1hnz6hu"><div class="css-0"><p class="chakra-text css-1ecdp9w" data-testid="product-brand">Green Giant</p><h3 class="chakra-heading css-6qrhwc" id="21022302_EA" data-testid="product-title">Summer Sweet Peas</h3><p class="chakra-text css-1yftjin" data-testid="product-package-size">750 g, $0.40/100g</p></div></a><div class="css-8keand"></div></div><div class="css-1q5omjq"><div class="css-fcebb8"><div data-testid="atc-compact" class="css-y94ivq" style="width: 45px;"><button type="button" class="chakra-button css-mudsm6" data-testid="atc-button"><svg stroke="currentColor" fill="currentColor" stroke-width="0" viewBox="0 0 24 24" focusable="false" class="chakra-icon css-1g3sp7a" data-testid="btn-icon" aria-hidden="true" height="1em" width="1em" xmlns="http://www.w3.org/2000/svg"><path d="M19 13h-6v6h-2v-6H5v-2h6V5h2v6h6v2z"></path></svg><span class="css-idkz9h">Add Summer Sweet Peas to cart</span></button></div></div></div></div></div></li><li tabindex="-1" class="css-0"><div class="css-f5i5wc"><div class="chakra-linkbox css-vhnn8v"><div data-testid="product-image" class="css-16dr4ly"><img alt="Cracker Barrel Marble cheddar cheese 400 g, $1.44/100g" src="https://assets.shop.loblaws.ca/products/21290384/b1/en/front/21290384_front_a01_@2.png" srcset="https://assets.shop.loblaws.ca/products/21290384/b1/en/front/21290384_front_a01_@2.png 1x, https://assets.shop.loblaws.ca/products/21290384/b1/en/front/21290384_front_a01_@2.png 2x" loading="lazy" class="chakra-image css-oguq8l" aria-hidden="true"></div><div class="css-qoklea"><div class="css-12dchmx"></div><div data-testid="price-product-tile" class="css-8atqhb"><p class="chakra-text css-0"><span class="chakra-text css-o93gbd" data-testid="sale-price"><span class="css-idkz9h">$5.77</span>$5.77</span><span class="chakra-text css-623q5h" data-testid="was-price"><span class="css-idkz9h">$7.99</span>$7.99</span></p><p class="chakra-text css-1m5a6y8" data-testid="price-descriptor">SAVE $2.22</p></div><a href="/marble-cheddar-cheese/p/21290384_EA?source=nspt" class="chakra-linkbox__overlay css-1hnz6hu"><div class="css-0"><p class="chakra-text css-1ecdp9w" data-testid="product-brand">Cracker Barrel</p><h3 class="chakra-heading css-6qrhwc" id="21290384_EA" data-testid="product-title">Marble cheddar cheese</h3><p class="chakra-text css-1yftjin" data-testid="product-package-size">400 g, $1.44/100g</p></div></a><div class="css-8keand"></div></div><div class="css-1q5omjq"><div class="css-fcebb8"><div data-testid="atc-compact" class="css-y94ivq" style="width: 45px;"><button type="button" class="chakra-button css-mudsm6" data-testid="atc-button"><svg stroke="currentColor" fill="currentColor" stroke-width="0" viewBox="0 0 24 24" focusable="false" class="chakra-icon css-1g3sp7a" data-testid="btn-icon" aria-hidden="true" height="1em" width="1em" xmlns="http://www.w3.org/2000/svg"><path d="M19 13h-6v6h-2v-6H5v-2h6V5h2v6h6v2z"></path></svg><span class="css-idkz9h">Add Marble cheddar cheese to cart</span></button></div></div></div></div></div></li><li tabindex="-1" class="css-0"><div class="css-f5i5wc"><div class="chakra-linkbox css-vhnn8v"><div data-testid="product-image" class="css-16dr4ly"><img alt="SpongeTowels Ultra Paper Towel, Ultra Abosrbent, 6 Rolls 6 ea, $1.17/1ea" src="https://assets.shop.loblaws.ca/products/21189812/b1/en/front/21189812_front_a01_@2.png" srcset="https://assets.shop.loblaws.ca/products/21189812/b1/en/front/21189812_front_a01_@2.png 1x, https://assets.shop.loblaws.ca/products/21189812/b1/en/front/21189812_front_a01_@2.png 2x" loading="lazy" class="chakra-image css-oguq8l" aria-hidden="true"></div><div class="css-qoklea"><div class="css-12dchmx"></div><div data-testid="price-product-tile" class="css-8atqhb"><p class="chakra-text css-0"><span class="chakra-text css-o93gbd" data-testid="sale-price"><span class="css-idkz9h">$6.99</span>$6.99</span><span class="chakra-text css-623q5h" data-testid="was-price"><span class="css-idkz9h">$11.99</span>$11.99</span></p><p class="chakra-text css-1m5a6y8" data-testid="price-descriptor">SAVE $5.00</p></div><a href="/ultra-paper-towel-ultra-abosrbent-6-rolls/p/21189812_EA?source=nspt" class="chakra-linkbox__overlay css-1hnz6hu"><div class="css-0"><p class="chakra-text css-1ecdp9w" data-testid="product-brand">SpongeTowels</p><h3 class="chakra-heading css-6qrhwc" id="21189812_EA" data-testid="product-title">Ultra Paper Towel, Ultra Abosrbent, 6 Rolls</h3><p class="chakra-text css-1yftjin" data-testid="product-package-size">6 ea, $1.17/1ea</p></div></a><div class="css-8keand"></div></div><div class="css-1q5omjq"><div class="css-fcebb8"><div data-testid="atc-compact" class="css-y94ivq" style="width: 45px;"><button type="button" class="chakra-button css-mudsm6" data-testid="atc-button"><svg stroke="currentColor" fill="currentColor" stroke-width="0" viewBox="0 0 24 24" focusable="false" class="chakra-icon css-1g3sp7a" data-testid="btn-icon" aria-hidden="true" height="1em" width="1em" xmlns="http://www.w3.org/2000/svg"><path d="M19 13h-6v6h-2v-6H5v-2h6V5h2v6h6v2z"></path></svg><span class="css-idkz9h">Add Ultra Paper Towel, Ultra Abosrbent, 6 Rolls to cart</span></button></div></div></div></div></div></li><li tabindex="-1" class="css-0"><div class="css-f5i5wc"><div class="chakra-linkbox css-vhnn8v"><div data-testid="product-image" class="css-16dr4ly"><img alt="Cashmere Soft &amp; Thick Toilet Paper, 12 Double Rolls = 24 Single Rolls 12 ea, $0.58/1ea" src="https://assets.shop.loblaws.ca/products/21204739/b1/en/front/21204739_front_a01_@2.png" srcset="https://assets.shop.loblaws.ca/products/21204739/b1/en/front/21204739_front_a01_@2.png 1x, https://assets.shop.loblaws.ca/products/21204739/b1/en/front/21204739_front_a01_@2.png 2x" loading="lazy" class="chakra-image css-oguq8l" aria-hidden="true"></div><div class="css-qoklea"><div class="css-12dchmx"></div><div data-testid="price-product-tile" class="css-8atqhb"><p class="chakra-text css-0"><span class="chakra-text css-o93gbd" data-testid="sale-price"><span class="css-idkz9h">$6.99</span>$6.99</span><span class="chakra-text css-623q5h" data-testid="was-price"><span class="css-idkz9h">$13.99</span>$13.99</span></p><p class="chakra-text css-1m5a6y8" data-testid="price-descriptor">SAVE $7.00</p></div><a href="/soft-thick-toilet-paper-12-double-rolls-24-single/p/21204739_EA?source=nspt" class="chakra-linkbox__overlay css-1hnz6hu"><div class="css-0"><p class="chakra-text css-1ecdp9w" data-testid="product-brand">Cashmere</p><h3 class="chakra-heading css-6qrhwc" id="21204739_EA" data-testid="product-title">Soft &amp; Thick Toilet Paper, 12 Double Rolls = 24 Single Rolls</h3><p class="chakra-text css-1yftjin" data-testid="product-package-size">12 ea, $0.58/1ea</p></div></a><div class="css-8keand"></div></div><div class="css-1q5omjq"><div class="css-fcebb8"><div data-testid="atc-compact" class="css-y94ivq" style="width: 45px;"><button type="button" class="chakra-button css-mudsm6" data-testid="atc-button"><svg stroke="currentColor" fill="currentColor" stroke-width="0" viewBox="0 0 24 24" focusable="false" class="chakra-icon css-1g3sp7a" data-testid="btn-icon" aria-hidden="true" height="1em" width="1em" xmlns="http://www.w3.org/2000/svg"><path d="M19 13h-6v6h-2v-6H5v-2h6V5h2v6h6v2z"></path></svg><span class="css-idkz9h">Add Soft &amp; Thick Toilet Paper, 12 Double Rolls = 24 Single Rolls to cart</span></button></div></div></div></div></div></li><li tabindex="-1" class="css-0"><div class="css-f5i5wc"><div class="chakra-linkbox css-vhnn8v"><div data-testid="product-image" class="css-16dr4ly"><img alt="Neutrogena Eye Makeup Remover, Oil Free 162 ml, $6.94/100ml" src="https://assets.shop.loblaws.ca/products/20312858/b1/en/front/20312858_front_a01_@2.png" srcset="https://assets.shop.loblaws.ca/products/20312858/b1/en/front/20312858_front_a01_@2.png 1x, https://assets.shop.loblaws.ca/products/20312858/b1/en/front/20312858_front_a01_@2.png 2x" loading="lazy" class="chakra-image css-oguq8l" aria-hidden="true"></div><div class="css-qoklea"><div class="css-12dchmx"></div><div data-testid="price-product-tile" class="css-8atqhb"><p class="chakra-text css-0"><span class="chakra-text css-o93gbd" data-testid="sale-price"><span class="css-idkz9h">$11.24</span>$11.24</span><span class="chakra-text css-623q5h" data-testid="was-price"><span class="css-idkz9h">$13.99</span>$13.99</span></p><p class="chakra-text css-1m5a6y8" data-testid="price-descriptor">SAVE $2.75</p></div><a href="/eye-makeup-remover-oil-free/p/20312858_EA?source=nspt" class="chakra-linkbox__overlay css-1hnz6hu"><div class="css-0"><p class="chakra-text css-1ecdp9w" data-testid="product-brand">Neutrogena</p><h3 class="chakra-heading css-6qrhwc" id="20312858_EA" data-testid="product-title">Eye Makeup Remover, Oil Free</h3><p class="chakra-text css-1yftjin" data-testid="product-package-size">162 ml, $6.94/100ml</p></div></a><div class="css-8keand"></div></div><div class="css-1q5omjq"><div class="css-fcebb8"><div data-testid="atc-compact" class="css-y94ivq" style="width: 45px;"><button type="button" class="chakra-button css-mudsm6" data-testid="atc-button"><svg stroke="currentColor" fill="currentColor" stroke-width="0" viewBox="0 0 24 24" focusable="false" class="chakra-icon css-1g3sp7a" data-testid="btn-icon" aria-hidden="true" height="1em" width="1em" xmlns="http://www.w3.org/2000/svg"><path d="M19 13h-6v6h-2v-6H5v-2h6V5h2v6h6v2z"></path></svg><span class="css-idkz9h">Add Eye Makeup Remover, Oil Free to cart</span></button></div></div></div></div></div></li><li tabindex="-1" class="css-0"><div class="css-f5i5wc"><div class="chakra-linkbox css-vhnn8v"><div data-testid="product-image" class="css-16dr4ly"><img alt="Neutrogena Rapid Wrinkle Repair ® Regenerating Cream Fragrance-Free 48 ml, $62.48/100ml" src="https://assets.shop.loblaws.ca/products/21085201/b1/en/front/21085201_front_a01_@2.png" srcset="https://assets.shop.loblaws.ca/products/21085201/b1/en/front/21085201_front_a01_@2.png 1x, https://assets.shop.loblaws.ca/products/21085201/b1/en/front/21085201_front_a01_@2.png 2x" loading="lazy" class="chakra-image css-oguq8l" aria-hidden="true"></div><div class="css-qoklea"><div class="css-12dchmx"></div><div data-testid="price-product-tile" class="css-8atqhb"><p class="chakra-text css-0"><span class="chakra-text css-o93gbd" data-testid="sale-price"><span class="css-idkz9h">$29.99</span>$29.99</span><span class="chakra-text css-623q5h" data-testid="was-price"><span class="css-idkz9h">$39.99</span>$39.99</span></p><p class="chakra-text css-1m5a6y8" data-testid="price-descriptor">SAVE $10.00</p></div><a href="/rapid-wrinkle-repair-regenerating-cream-fragrance/p/21085201_EA?source=nspt" class="chakra-linkbox__overlay css-1hnz6hu"><div class="css-0"><p class="chakra-text css-1ecdp9w" data-testid="product-brand">Neutrogena</p><h3 class="chakra-heading css-6qrhwc" id="21085201_EA" data-testid="product-title">Rapid Wrinkle Repair ® Regenerating Cream Fragrance-Free</h3><p class="chakra-text css-1yftjin" data-testid="product-package-size">48 ml, $62.48/100ml</p></div></a><div class="css-8keand"></div></div><div class="css-1q5omjq"><div class="css-fcebb8"><div data-testid="atc-compact" class="css-y94ivq" style="width: 45px;"><button type="button" class="chakra-button css-mudsm6" data-testid="atc-button"><svg stroke="currentColor" fill="currentColor" stroke-width="0" viewBox="0 0 24 24" focusable="false" class="chakra-icon css-1g3sp7a" data-testid="btn-icon" aria-hidden="true" height="1em" width="1em" xmlns="http://www.w3.org/2000/svg"><path d="M19 13h-6v6h-2v-6H5v-2h6V5h2v6h6v2z"></path></svg><span class="css-idkz9h">Add Rapid Wrinkle Repair ® Regenerating Cream Fragrance-Free to cart</span></button></div></div><div class="css-4saf4a"><p class="chakra-text css-py8788" data-testid="inventory-badge-text">Low Stock</p></div></div></div></div></li><li tabindex="-1" class="css-0"><div class="css-f5i5wc"><div class="chakra-linkbox css-vhnn8v"><div data-testid="product-image" class="css-16dr4ly"><img alt="null Tomato On The Vine Red (1 Bunch) $4.39/1kg $1.99/1lb" src="https://assets.shop.loblaws.ca/products/20026703001/b1/en/front/20026703001_front_a01_@2.png" srcset="https://assets.shop.loblaws.ca/products/20026703001/b1/en/front/20026703001_front_a01_@2.png 1x, https://assets.shop.loblaws.ca/products/20026703001/b1/en/front/20026703001_front_a01_@2.png 2x" loading="lazy" class="chakra-image css-oguq8l" aria-hidden="true"></div><div class="css-qoklea"><div class="css-12dchmx"></div><div data-testid="price-product-tile" class="css-8atqhb"><p class="chakra-text css-0"><span class="chakra-text css-o93gbd" data-testid="sale-price"><span class="css-idkz9h">about $3.12</span>about $3.12</span><span class="chakra-text css-623q5h" data-testid="was-price"><span class="css-idkz9h">$3.90</span>$3.90</span></p><p class="chakra-text css-1m5a6y8" data-testid="price-descriptor">SAVE $0.78</p></div><a href="/tomato-on-the-vine-red-1-bunch/p/20026703001_KG?source=nspt" class="chakra-linkbox__overlay css-1hnz6hu"><div class="css-0"><h3 class="chakra-heading css-6qrhwc" id="20026703001_KG" data-testid="product-title">Tomato On The Vine Red (1 Bunch)</h3><p class="chakra-text css-1yftjin" data-testid="product-package-size">$4.39/1kg $1.99/1lb</p></div></a><div class="css-8keand"></div></div><div class="css-1q5omjq"><div class="css-fcebb8"><div data-testid="atc-compact" class="css-y94ivq" style="width: 45px;"><button type="button" class="chakra-button css-mudsm6" data-testid="atc-button"><svg stroke="currentColor" fill="currentColor" stroke-width="0" viewBox="0 0 24 24" focusable="false" class="chakra-icon css-1g3sp7a" data-testid="btn-icon" aria-hidden="true" height="1em" width="1em" xmlns="http://www.w3.org/2000/svg"><path d="M19 13h-6v6h-2v-6H5v-2h6V5h2v6h6v2z"></path></svg><span class="css-idkz9h">Add Tomato On The Vine Red (1 Bunch) to cart</span></button></div></div></div></div></div></li><li tabindex="-1" class="css-0"><div class="css-f5i5wc"><div class="chakra-linkbox css-vhnn8v"><div data-testid="product-image" class="css-16dr4ly"><img alt="Farmer's Market Lemons, 2 lb Bag 907 g, $0.44/100g" src="https://assets.shop.loblaws.ca/products/20795315001/b1/en/front/20795315001_front_a01_@2.png" srcset="https://assets.shop.loblaws.ca/products/20795315001/b1/en/front/20795315001_front_a01_@2.png 1x, https://assets.shop.loblaws.ca/products/20795315001/b1/en/front/20795315001_front_a01_@2.png 2x" loading="lazy" class="chakra-image css-oguq8l" aria-hidden="true"></div><div class="css-qoklea"><div class="css-12dchmx"></div><div data-testid="price-product-tile" class="css-8atqhb"><p class="chakra-text css-0"><span class="chakra-text css-o93gbd" data-testid="sale-price"><span class="css-idkz9h">$3.99</span>$3.99</span><span class="chakra-text css-623q5h" data-testid="was-price"><span class="css-idkz9h">$5.99</span>$5.99</span></p><p class="chakra-text css-1m5a6y8" data-testid="price-descriptor">SAVE $2.00</p></div><a href="/lemons-2-lb-bag/p/20795315001_EA?source=nspt" class="chakra-linkbox__overlay css-1hnz6hu"><div class="css-0"><p class="chakra-text css-1ecdp9w" data-testid="product-brand">Farmer's Market</p><h3 class="chakra-heading css-6qrhwc" id="20795315001_EA" data-testid="product-title">Lemons, 2 lb Bag</h3><p class="chakra-text css-1yftjin" data-testid="product-package-size">907 g, $0.44/100g</p></div></a><div class="css-8keand"></div></div><div class="css-1q5omjq"><div class="css-fcebb8"><div data-testid="atc-compact" class="css-y94ivq" style="width: 45px;"><button type="button" class="chakra-button css-mudsm6" data-testid="atc-button"><svg stroke="currentColor" fill="currentColor" stroke-width="0" viewBox="0 0 24 24" focusable="false" class="chakra-icon css-1g3sp7a" data-testid="btn-icon" aria-hidden="true" height="1em" width="1em" xmlns="http://www.w3.org/2000/svg"><path d="M19 13h-6v6h-2v-6H5v-2h6V5h2v6h6v2z"></path></svg><span class="css-idkz9h">Add Lemons, 2 lb Bag to cart</span></button></div></div></div></div></div></li><li tabindex="-1" class="css-0"><div class="css-f5i5wc"><div class="chakra-linkbox css-vhnn8v"><div data-testid="product-image" class="css-16dr4ly"><img alt="null Beef Bottom Blade Pot Roast, Boneless $19.82/1kg $8.99/1lb" src="https://assets.shop.loblaws.ca/products/20797470/b1/en/front/20797470_front_a01_@2.png" srcset="https://assets.shop.loblaws.ca/products/20797470/b1/en/front/20797470_front_a01_@2.png 1x, https://assets.shop.loblaws.ca/products/20797470/b1/en/front/20797470_front_a01_@2.png 2x" loading="lazy" class="chakra-image css-oguq8l" aria-hidden="true"></div><div class="css-qoklea"><div class="css-12dchmx"></div><div data-testid="price-product-tile" class="css-8atqhb"><p class="chakra-text css-0"><span class="chakra-text css-o93gbd" data-testid="sale-price"><span class="css-idkz9h">about $23.98</span>about $23.98</span><span class="chakra-text css-623q5h" data-testid="was-price"><span class="css-idkz9h">$29.32</span>$29.32</span></p><p class="chakra-text css-1m5a6y8" data-testid="price-descriptor">SAVE $5.34</p></div><a href="/beef-bottom-blade-pot-roast-boneless/p/20797470_KG?source=nspt" class="chakra-linkbox__overlay css-1hnz6hu"><div class="css-0"><h3 class="chakra-heading css-6qrhwc" id="20797470_KG" data-testid="product-title">Beef Bottom Blade Pot Roast, Boneless</h3><p class="chakra-text css-1yftjin" data-testid="product-package-size">$19.82/1kg $8.99/1lb</p></div></a><div class="css-8keand"></div></div><div class="css-1q5omjq"><div class="css-fcebb8"><div data-testid="atc-compact" class="css-y94ivq" style="width: 45px;"><button type="button" class="chakra-button css-mudsm6" data-testid="atc-button"><svg stroke="currentColor" fill="currentColor" stroke-width="0" viewBox="0 0 24 24" focusable="false" class="chakra-icon css-1g3sp7a" data-testid="btn-icon" aria-hidden="true" height="1em" width="1em" xmlns="http://www.w3.org/2000/svg"><path d="M19 13h-6v6h-2v-6H5v-2h6V5h2v6h6v2z"></path></svg><span class="css-idkz9h">Add Beef Bottom Blade Pot Roast, Boneless to cart</span></button></div></div></div></div></div></li><li tabindex="-1" class="css-0"><div class="css-f5i5wc"><div class="chakra-linkbox css-vhnn8v"><div data-testid="product-image" class="css-16dr4ly"><img alt="President's Choice Air Chilled Chicken, Whole $7.69/1kg $3.49/1lb" src="https://assets.shop.loblaws.ca/products/20089413/b1/en/front/20089413_front_a01_@2.png" srcset="https://assets.shop.loblaws.ca/products/20089413/b1/en/front/20089413_front_a01_@2.png 1x, https://assets.shop.loblaws.ca/products/20089413/b1/en/front/20089413_front_a01_@2.png 2x" loading="lazy" class="chakra-image css-oguq8l" aria-hidden="true"></div><div class="css-qoklea"><div class="css-12dchmx"></div><div data-testid="price-product-tile" class="css-8atqhb"><p class="chakra-text css-0"><span class="chakra-text css-o93gbd" data-testid="sale-price"><span class="css-idkz9h">about $12.06</span>about $12.06</span><span class="chakra-text css-623q5h" data-testid="was-price"><span class="css-idkz9h">$14.83</span>$14.83</span></p><p class="chakra-text css-1m5a6y8" data-testid="price-descriptor">SAVE $2.77</p></div><a href="/air-chilled-chicken-whole/p/20089413_KG?source=nspt" class="chakra-linkbox__overlay css-1hnz6hu"><div class="css-0"><p class="chakra-text css-1ecdp9w" data-testid="product-brand">President's Choice</p><h3 class="chakra-heading css-6qrhwc" id="20089413_KG" data-testid="product-title">Air Chilled Chicken, Whole</h3><p class="chakra-text css-1yftjin" data-testid="product-package-size">$7.69/1kg $3.49/1lb</p></div></a><div class="css-8keand"></div></div><div class="css-1q5omjq"><div class="css-fcebb8"><div data-testid="atc-compact" class="css-y94ivq" style="width: 45px;"><button type="button" class="chakra-button css-mudsm6" data-testid="atc-button"><svg stroke="currentColor" fill="currentColor" stroke-width="0" viewBox="0 0 24 24" focusable="false" class="chakra-icon css-1g3sp7a" data-testid="btn-icon" aria-hidden="true" height="1em" width="1em" xmlns="http://www.w3.org/2000/svg"><path d="M19 13h-6v6h-2v-6H5v-2h6V5h2v6h6v2z"></path></svg><span class="css-idkz9h">Add Air Chilled Chicken, Whole to cart</span></button></div></div></div></div></div></li><li tabindex="-1" class="css-0"><div class="css-f5i5wc"><div class="chakra-linkbox css-vhnn8v"><div data-testid="product-image" class="css-16dr4ly"><img alt="Maple Leaf Ready Crisp Fully Cooked Natural Bacon Slices 65 g, $10.75/100g" src="https://assets.shop.loblaws.ca/products/20164959/b1/en/front/20164959_front_a01_@2.png" srcset="https://assets.shop.loblaws.ca/products/20164959/b1/en/front/20164959_front_a01_@2.png 1x, https://assets.shop.loblaws.ca/products/20164959/b1/en/front/20164959_front_a01_@2.png 2x" loading="lazy" class="chakra-image css-oguq8l" aria-hidden="true"></div><div class="css-qoklea"><div class="css-12dchmx"></div><div data-testid="price-product-tile" class="css-8atqhb"><p class="chakra-text css-0"><span class="chakra-text css-o93gbd" data-testid="sale-price"><span class="css-idkz9h">$6.99</span>$6.99</span><span class="chakra-text css-623q5h" data-testid="was-price"><span class="css-idkz9h">$8.99</span>$8.99</span></p><p class="chakra-text css-1m5a6y8" data-testid="price-descriptor">SAVE $2.00</p></div><a href="/ready-crisp-fully-cooked-natural-bacon-slices/p/20164959_EA?source=nspt" class="chakra-linkbox__overlay css-1hnz6hu"><div class="css-0"><p class="chakra-text css-1ecdp9w" data-testid="product-brand">Maple Leaf</p><h3 class="chakra-heading css-6qrhwc" id="20164959_EA" data-testid="product-title">Ready Crisp Fully Cooked Natural Bacon Slices</h3><p class="chakra-text css-1yftjin" data-testid="product-package-size">65 g, $10.75/100g</p></div></a><div class="css-8keand"></div></div><div class="css-1q5omjq"><div class="css-fcebb8"><div data-testid="atc-compact" class="css-y94ivq" style="width: 45px;"><button type="button" class="chakra-button css-mudsm6" data-testid="atc-button"><svg stroke="currentColor" fill="currentColor" stroke-width="0" viewBox="0 0 24 24" focusable="false" class="chakra-icon css-1g3sp7a" data-testid="btn-icon" aria-hidden="true" height="1em" width="1em" xmlns="http://www.w3.org/2000/svg"><path d="M19 13h-6v6h-2v-6H5v-2h6V5h2v6h6v2z"></path></svg><span class="css-idkz9h">Add Ready Crisp Fully Cooked Natural Bacon Slices to cart</span></button></div></div></div></div></div></li><li tabindex="-1" class="css-0"><div class="css-f5i5wc"><div class="chakra-linkbox css-vhnn8v"><div data-testid="product-image" class="css-16dr4ly"><img alt="Seaquest Cod Fillets Wild Pacific 400 g, $1.87/100g" src="https://assets.shop.loblaws.ca/products/20036614/b1/en/front/20036614_front_a01_@2.png" srcset="https://assets.shop.loblaws.ca/products/20036614/b1/en/front/20036614_front_a01_@2.png 1x, https://assets.shop.loblaws.ca/products/20036614/b1/en/front/20036614_front_a01_@2.png 2x" loading="lazy" class="chakra-image css-oguq8l" aria-hidden="true"></div><div class="css-qoklea"><div class="css-12dchmx"></div><div data-testid="price-product-tile" class="css-8atqhb"><p class="chakra-text css-0"><span class="chakra-text css-o93gbd" data-testid="sale-price"><span class="css-idkz9h">$7.49</span>$7.49</span><span class="chakra-text css-623q5h" data-testid="was-price"><span class="css-idkz9h">$8.00</span>$8.00</span></p><p class="chakra-text css-1m5a6y8" data-testid="price-descriptor">SAVE $0.51</p></div><a href="/cod-fillets-wild-pacific/p/20036614_EA?source=nspt" class="chakra-linkbox__overlay css-1hnz6hu"><div class="css-0"><p class="chakra-text css-1ecdp9w" data-testid="product-brand">Seaquest</p><h3 class="chakra-heading css-6qrhwc" id="20036614_EA" data-testid="product-title">Cod Fillets Wild Pacific</h3><p class="chakra-text css-1yftjin" data-testid="product-package-size">400 g, $1.87/100g</p></div></a><div class="css-8keand"></div></div><div class="css-1q5omjq"><div class="css-fcebb8"><div data-testid="atc-compact" class="css-y94ivq" style="width: 45px;"><button type="button" class="chakra-button css-mudsm6" data-testid="atc-button"><svg stroke="currentColor" fill="currentColor" stroke-width="0" viewBox="0 0 24 24" focusable="false" class="chakra-icon css-1g3sp7a" data-testid="btn-icon" aria-hidden="true" height="1em" width="1em" xmlns="http://www.w3.org/2000/svg"><path d="M19 13h-6v6h-2v-6H5v-2h6V5h2v6h6v2z"></path></svg><span class="css-idkz9h">Add Cod Fillets Wild Pacific to cart</span></button></div></div></div></div></div></li><li tabindex="-1" class="css-0"><div class="css-f5i5wc"><div class="chakra-linkbox css-vhnn8v"><div data-testid="product-image" class="css-16dr4ly"><img alt="President's Choice Black Tiger Shrimp Raw Gigantico 400 g, $3.50/100g" src="https://assets.shop.loblaws.ca/products/20801192/b1/en/front/20801192_front_a01_@2.png" srcset="https://assets.shop.loblaws.ca/products/20801192/b1/en/front/20801192_front_a01_@2.png 1x, https://assets.shop.loblaws.ca/products/20801192/b1/en/front/20801192_front_a01_@2.png 2x" loading="lazy" class="chakra-image css-oguq8l" aria-hidden="true"></div><div class="css-qoklea"><div class="css-12dchmx"></div><div data-testid="price-product-tile" class="css-8atqhb"><p class="chakra-text css-0"><span class="chakra-text css-o93gbd" data-testid="sale-price"><span class="css-idkz9h">$13.99</span>$13.99</span><span class="chakra-text css-623q5h" data-testid="was-price"><span class="css-idkz9h">$14.49</span>$14.49</span></p><p class="chakra-text css-1m5a6y8" data-testid="price-descriptor">SAVE $0.50</p></div><a href="/black-tiger-shrimp-raw-gigantico/p/20801192_EA?source=nspt" class="chakra-linkbox__overlay css-1hnz6hu"><div class="css-0"><p class="chakra-text css-1ecdp9w" data-testid="product-brand">President's Choice</p><h3 class="chakra-heading css-6qrhwc" id="20801192_EA" data-testid="product-title">Black Tiger Shrimp Raw Gigantico</h3><p class="chakra-text css-1yftjin" data-testid="product-package-size">400 g, $3.50/100g</p></div></a><div class="css-8keand"></div></div><div class="css-1q5omjq"><div class="css-fcebb8"><div data-testid="atc-compact" class="css-y94ivq" style="width: 45px;"><button type="button" class="chakra-button css-mudsm6" data-testid="atc-button"><svg stroke="currentColor" fill="currentColor" stroke-width="0" viewBox="0 0 24 24" focusable="false" class="chakra-icon css-1g3sp7a" data-testid="btn-icon" aria-hidden="true" height="1em" width="1em" xmlns="http://www.w3.org/2000/svg"><path d="M19 13h-6v6h-2v-6H5v-2h6V5h2v6h6v2z"></path></svg><span class="css-idkz9h">Add Black Tiger Shrimp Raw Gigantico to cart</span></button></div></div></div></div></div></li><li tabindex="-1" class="css-0"><div class="css-f5i5wc"><div class="chakra-linkbox css-vhnn8v"><div data-testid="product-image" class="css-16dr4ly"><img alt="President's Choice Chocolate Chip Mini Muffins 336 g, $1.79/100g" src="https://assets.shop.loblaws.ca/products/21488839/b1/en/front/21488839_front_a01_@2.png" srcset="https://assets.shop.loblaws.ca/products/21488839/b1/en/front/21488839_front_a01_@2.png 1x, https://assets.shop.loblaws.ca/products/21488839/b1/en/front/21488839_front_a01_@2.png 2x" loading="lazy" class="chakra-image css-oguq8l" aria-hidden="true"></div><div class="css-qoklea"><div class="css-12dchmx"></div><div data-testid="price-product-tile" class="css-8atqhb"><p class="chakra-text css-0"><span class="chakra-text css-o93gbd" data-testid="sale-price"><span class="css-idkz9h">$6.00</span>$6.00</span><span class="chakra-text css-623q5h" data-testid="was-price"><span class="css-idkz9h">$6.79</span>$6.79</span></p><p class="chakra-text css-1m5a6y8" data-testid="price-descriptor">SAVE $0.79</p></div><a href="/chocolate-chip-mini-muffins/p/21488839_EA?source=nspt" class="chakra-linkbox__overlay css-1hnz6hu"><div class="css-0"><p class="chakra-text css-1ecdp9w" data-testid="product-brand">President's Choice</p><h3 class="chakra-heading css-6qrhwc" id="21488839_EA" data-testid="product-title">Chocolate Chip Mini Muffins</h3><p class="chakra-text css-1yftjin" data-testid="product-package-size">336 g, $1.79/100g</p></div></a><div class="css-8keand"></div></div><div class="css-1q5omjq"><div class="css-fcebb8"><div data-testid="atc-compact" class="css-y94ivq" style="width: 45px;"><button type="button" class="chakra-button css-mudsm6" data-testid="atc-button"><svg stroke="currentColor" fill="currentColor" stroke-width="0" viewBox="0 0 24 24" focusable="false" class="chakra-icon css-1g3sp7a" data-testid="btn-icon" aria-hidden="true" height="1em" width="1em" xmlns="http://www.w3.org/2000/svg"><path d="M19 13h-6v6h-2v-6H5v-2h6V5h2v6h6v2z"></path></svg><span class="css-idkz9h">Add Chocolate Chip Mini Muffins to cart</span></button></div></div></div></div></div></li><li tabindex="-1" class="css-0"><div class="css-f5i5wc"><div class="chakra-linkbox css-vhnn8v"><div data-testid="product-image" class="css-16dr4ly"><img alt="ACE Sliced Sourdough Miche 700 g, $0.93/100g" src="https://assets.shop.loblaws.ca/products/21314337/b1/en/front/21314337_front_a01_@2.png" srcset="https://assets.shop.loblaws.ca/products/21314337/b1/en/front/21314337_front_a01_@2.png 1x, https://assets.shop.loblaws.ca/products/21314337/b1/en/front/21314337_front_a01_@2.png 2x" loading="lazy" class="chakra-image css-oguq8l" aria-hidden="true"></div><div class="css-qoklea"><div class="css-12dchmx"></div><div data-testid="price-product-tile" class="css-8atqhb"><p class="chakra-text css-0"><span class="chakra-text css-o93gbd" data-testid="sale-price"><span class="css-idkz9h">$6.49</span>$6.49</span><span class="chakra-text css-623q5h" data-testid="was-price"><span class="css-idkz9h">$6.99</span>$6.99</span></p><p class="chakra-text css-1m5a6y8" data-testid="price-descriptor">SAVE $0.50</p></div><a href="/sliced-sourdough-miche/p/21314337_EA?source=nspt" class="chakra-linkbox__overlay css-1hnz6hu"><div class="css-0"><p class="chakra-text css-1ecdp9w" data-testid="product-brand">ACE</p><h3 class="chakra-heading css-6qrhwc" id="21314337_EA" data-testid="product-title">Sliced Sourdough Miche</h3><p class="chakra-text css-1yftjin" data-testid="product-package-size">700 g, $0.93/100g</p></div></a><div class="css-8keand"></div></div><div class="css-1q5omjq"><div class="css-fcebb8"><div data-testid="atc-compact" class="css-y94ivq" style="width: 45px;"><button type="button" class="chakra-button css-mudsm6" data-testid="atc-button"><svg stroke="currentColor" fill="currentColor" stroke-width="0" viewBox="0 0 24 24" focusable="false" class="chakra-icon css-1g3sp7a" data-testid="btn-icon" aria-hidden="true" height="1em" width="1em" xmlns="http://www.w3.org/2000/svg"><path d="M19 13h-6v6h-2v-6H5v-2h6V5h2v6h6v2z"></path></svg><span class="css-idkz9h">Add Sliced Sourdough Miche to cart</span></button></div></div></div></div></div></li><li tabindex="-1" class="css-0"><div class="css-f5i5wc"><div class="chakra-linkbox css-vhnn8v"><div data-testid="product-image" class="css-16dr4ly"><img alt="No Name Original English Muffins 342 g, $0.85/100g" src="https://assets.shop.loblaws.ca/products/21297780/b1/en/front/21297780_front_a01_@2.png" srcset="https://assets.shop.loblaws.ca/products/21297780/b1/en/front/21297780_front_a01_@2.png 1x, https://assets.shop.loblaws.ca/products/21297780/b1/en/front/21297780_front_a01_@2.png 2x" loading="lazy" class="chakra-image css-oguq8l" aria-hidden="true"></div><div class="css-qoklea"><div class="css-12dchmx"></div><div data-testid="price-product-tile" class="css-8atqhb"><p class="chakra-text css-0"><span class="chakra-text css-o93gbd" data-testid="sale-price"><span class="css-idkz9h">$2.50 MIN 2</span>$2.50 MIN 2</span></p><p class="chakra-text css-0"><span class="chakra-text css-1wji473" data-testid="non-members-price"><span class="css-idkz9h">$2.89</span>$2.89</span><span class="chakra-text css-esi4gg" data-testid="was-price"><span class="css-idkz9h"></span></span></p></div><a href="/original-english-muffins/p/21297780_EA?source=nspt" class="chakra-linkbox__overlay css-1hnz6hu"><div class="css-0"><p class="chakra-text css-1ecdp9w" data-testid="product-brand">No Name</p><h3 class="chakra-heading css-6qrhwc" id="21297780_EA" data-testid="product-title">Original English Muffins</h3><p class="chakra-text css-1yftjin" data-testid="product-package-size">342 g, $0.85/100g</p></div></a><div class="css-8keand"></div></div><div class="css-1q5omjq"><div class="css-fcebb8"><div data-testid="atc-compact" class="css-y94ivq" style="width: 45px;"><button type="button" class="chakra-button css-mudsm6" data-testid="atc-button"><svg stroke="currentColor" fill="currentColor" stroke-width="0" viewBox="0 0 24 24" focusable="false" class="chakra-icon css-1g3sp7a" data-testid="btn-icon" aria-hidden="true" height="1em" width="1em" xmlns="http://www.w3.org/2000/svg"><path d="M19 13h-6v6h-2v-6H5v-2h6V5h2v6h6v2z"></path></svg><span class="css-idkz9h">Add Original English Muffins to cart</span></button></div></div></div></div></div></li><li tabindex="-1" class="css-0"><div class="css-f5i5wc"><div class="chakra-linkbox css-vhnn8v"><div data-testid="product-image" class="css-16dr4ly"><img alt="Castello Havarti Jalapeno FW 200 g, $3.50/100g" src="https://assets.shop.loblaws.ca/products/20573910/b1/en/front/20573910_front_a01_@2.png" srcset="https://assets.shop.loblaws.ca/products/20573910/b1/en/front/20573910_front_a01_@2.png 1x, https://assets.shop.loblaws.ca/products/20573910/b1/en/front/20573910_front_a01_@2.png 2x" loading="lazy" class="chakra-image css-oguq8l" aria-hidden="true"></div><div class="css-qoklea"><div class="css-12dchmx"></div><div data-testid="price-product-tile" class="css-8atqhb"><p class="chakra-text css-0"><span class="chakra-text css-o93gbd" data-testid="sale-price"><span class="css-idkz9h">$6.99</span>$6.99</span><span class="chakra-text css-623q5h" data-testid="was-price"><span class="css-idkz9h">$8.49</span>$8.49</span></p><p class="chakra-text css-1m5a6y8" data-testid="price-descriptor">SAVE $1.50</p></div><a href="/havarti-jalapeno-fw/p/20573910_EA?source=nspt" class="chakra-linkbox__overlay css-1hnz6hu"><div class="css-0"><p class="chakra-text css-1ecdp9w" data-testid="product-brand">Castello</p><h3 class="chakra-heading css-6qrhwc" id="20573910_EA" data-testid="product-title">Havarti Jalapeno FW</h3><p class="chakra-text css-1yftjin" data-testid="product-package-size">200 g, $3.50/100g</p></div></a><div class="css-8keand"></div></div><div class="css-1q5omjq"><div class="css-fcebb8"><div data-testid="atc-compact" class="css-y94ivq" style="width: 45px;"><button type="button" class="chakra-button css-mudsm6" data-testid="atc-button"><svg stroke="currentColor" fill="currentColor" stroke-width="0" viewBox="0 0 24 24" focusable="false" class="chakra-icon css-1g3sp7a" data-testid="btn-icon" aria-hidden="true" height="1em" width="1em" xmlns="http://www.w3.org/2000/svg"><path d="M19 13h-6v6h-2v-6H5v-2h6V5h2v6h6v2z"></path></svg><span class="css-idkz9h">Add Havarti Jalapeno FW to cart</span></button></div></div></div></div></div></li><li tabindex="-1" class="css-0"><div class="css-f5i5wc"><div class="chakra-linkbox css-vhnn8v"><div data-testid="product-image" class="css-16dr4ly"><img alt="Bento Supreme Family Pack (After 11am) 580 g, $2.93/100g" src="https://assets.shop.loblaws.ca/products/20793974/b1/en/front/20793974_front_a01_@2.png" srcset="https://assets.shop.loblaws.ca/products/20793974/b1/en/front/20793974_front_a01_@2.png 1x, https://assets.shop.loblaws.ca/products/20793974/b1/en/front/20793974_front_a01_@2.png 2x" loading="lazy" class="chakra-image css-oguq8l" aria-hidden="true"></div><div class="css-qoklea"><div class="css-12dchmx"></div><div data-testid="price-product-tile" class="css-8atqhb"><p class="chakra-text css-0"><span class="chakra-text css-o93gbd" data-testid="sale-price"><span class="css-idkz9h">$17.00</span>$17.00</span><span class="chakra-text css-623q5h" data-testid="was-price"><span class="css-idkz9h">$19.00</span>$19.00</span></p><p class="chakra-text css-1m5a6y8" data-testid="price-descriptor">SAVE $2.00</p></div><a href="/supreme-family-pack-after-11am/p/20793974_EA?source=nspt" class="chakra-linkbox__overlay css-1hnz6hu"><div class="css-0"><p class="chakra-text css-1ecdp9w" data-testid="product-brand">Bento</p><h3 class="chakra-heading css-6qrhwc" id="20793974_EA" data-testid="product-title">Supreme Family Pack (After 11am)</h3><p class="chakra-text css-1yftjin" data-testid="product-package-size">580 g, $2.93/100g</p></div></a><div class="css-8keand"></div></div><div class="css-1q5omjq"><div class="css-fcebb8"><div data-testid="atc-compact" class="css-y94ivq" style="width: 45px;"><button type="button" class="chakra-button css-mudsm6" data-testid="atc-button"><svg stroke="currentColor" fill="currentColor" stroke-width="0" viewBox="0 0 24 24" focusable="false" class="chakra-icon css-1g3sp7a" data-testid="btn-icon" aria-hidden="true" height="1em" width="1em" xmlns="http://www.w3.org/2000/svg"><path d="M19 13h-6v6h-2v-6H5v-2h6V5h2v6h6v2z"></path></svg><span class="css-idkz9h">Add Supreme Family Pack (After 11am) to cart</span></button></div></div></div></div></div></li><li tabindex="-1" class="css-0"><div class="css-f5i5wc"><div class="chakra-linkbox css-vhnn8v"><div data-testid="product-image" class="css-16dr4ly"><img alt="Sunrise Tofu, Extra Firm 350 g, $0.86/100g" src="https://assets.shop.loblaws.ca/products/20570507/b1/en/front/20570507_front_a01_@2.png" srcset="https://assets.shop.loblaws.ca/products/20570507/b1/en/front/20570507_front_a01_@2.png 1x, https://assets.shop.loblaws.ca/products/20570507/b1/en/front/20570507_front_a01_@2.png 2x" loading="lazy" class="chakra-image css-oguq8l" aria-hidden="true"></div><div class="css-qoklea"><div class="css-12dchmx"></div><div data-testid="price-product-tile" class="css-8atqhb"><p class="chakra-text css-0"><span class="chakra-text css-o93gbd" data-testid="sale-price"><span class="css-idkz9h">$2.50 MIN 2</span>$2.50 MIN 2</span></p><p class="chakra-text css-0"><span class="chakra-text css-1wji473" data-testid="non-members-price"><span class="css-idkz9h">$3.00</span>$3.00</span><span class="chakra-text css-esi4gg" data-testid="was-price"><span class="css-idkz9h"></span></span></p></div><a href="/tofu-extra-firm/p/20570507_EA?source=nspt" class="chakra-linkbox__overlay css-1hnz6hu"><div class="css-0"><p class="chakra-text css-1ecdp9w" data-testid="product-brand">Sunrise</p><h3 class="chakra-heading css-6qrhwc" id="20570507_EA" data-testid="product-title">Tofu, Extra Firm</h3><p class="chakra-text css-1yftjin" data-testid="product-package-size">350 g, $0.86/100g</p></div></a><div class="css-8keand"></div></div><div class="css-1q5omjq"><div class="css-fcebb8"><div data-testid="atc-compact" class="css-y94ivq" style="width: 45px;"><button type="button" class="chakra-button css-mudsm6" data-testid="atc-button"><svg stroke="currentColor" fill="currentColor" stroke-width="0" viewBox="0 0 24 24" focusable="false" class="chakra-icon css-1g3sp7a" data-testid="btn-icon" aria-hidden="true" height="1em" width="1em" xmlns="http://www.w3.org/2000/svg"><path d="M19 13h-6v6h-2v-6H5v-2h6V5h2v6h6v2z"></path></svg><span class="css-idkz9h">Add Tofu, Extra Firm to cart</span></button></div></div></div></div></div></li><li tabindex="-1" class="css-0"><div class="css-f5i5wc"><div class="chakra-linkbox css-vhnn8v"><div data-testid="product-image" class="css-16dr4ly"><img alt="Wonka Nerds Gummy Clusters Candy Rainbow 142 g, $1.41/100g" src="https://assets.shop.loblaws.ca/products/21564627/b1/en/front/21564627_front_a01_@2.png" srcset="https://assets.shop.loblaws.ca/products/21564627/b1/en/front/21564627_front_a01_@2.png 1x, https://assets.shop.loblaws.ca/products/21564627/b1/en/front/21564627_front_a01_@2.png 2x" loading="lazy" class="chakra-image css-oguq8l" aria-hidden="true"></div><div class="css-qoklea"><div class="css-12dchmx"></div><div data-testid="price-product-tile" class="css-8atqhb"><p class="chakra-text css-0"><span class="chakra-text css-o93gbd" data-testid="sale-price"><span class="css-idkz9h">$2.00</span>$2.00</span><span class="chakra-text css-623q5h" data-testid="was-price"><span class="css-idkz9h">$3.99</span>$3.99</span></p><p class="chakra-text css-1m5a6y8" data-testid="price-descriptor">SAVE $1.99</p></div><a href="/nerds-gummy-clusters-candy-rainbow/p/21564627_EA?source=nspt" class="chakra-linkbox__overlay css-1hnz6hu"><div class="css-0"><p class="chakra-text css-1ecdp9w" data-testid="product-brand">Wonka</p><h3 class="chakra-heading css-6qrhwc" id="21564627_EA" data-testid="product-title">Nerds Gummy Clusters Candy Rainbow</h3><p class="chakra-text css-1yftjin" data-testid="product-package-size">142 g, $1.41/100g</p></div></a><div class="css-8keand"></div></div><div class="css-1q5omjq"><div class="css-fcebb8"><div data-testid="atc-compact" class="css-y94ivq" style="width: 45px;"><button type="button" class="chakra-button css-mudsm6" data-testid="atc-button"><svg stroke="currentColor" fill="currentColor" stroke-width="0" viewBox="0 0 24 24" focusable="false" class="chakra-icon css-1g3sp7a" data-testid="btn-icon" aria-hidden="true" height="1em" width="1em" xmlns="http://www.w3.org/2000/svg"><path d="M19 13h-6v6h-2v-6H5v-2h6V5h2v6h6v2z"></path></svg><span class="css-idkz9h">Add Nerds Gummy Clusters Candy Rainbow to cart</span></button></div></div></div></div></div></li><li tabindex="-1" class="css-0"><div class="css-f5i5wc"><div class="chakra-linkbox css-vhnn8v"><div data-testid="product-image" class="css-16dr4ly"><img alt="PC Organics Organic Rotini 454 g, $0.55/100g" src="https://assets.shop.loblaws.ca/products/20669803002/b1/en/front/20669803002_front_a01_@2.png" srcset="https://assets.shop.loblaws.ca/products/20669803002/b1/en/front/20669803002_front_a01_@2.png 1x, https://assets.shop.loblaws.ca/products/20669803002/b1/en/front/20669803002_front_a01_@2.png 2x" loading="lazy" class="chakra-image css-oguq8l" aria-hidden="true"></div><div class="css-qoklea"><div class="css-12dchmx"></div><div data-testid="price-product-tile" class="css-8atqhb"><p class="chakra-text css-0"><span class="chakra-text css-o93gbd" data-testid="sale-price"><span class="css-idkz9h">$2.50</span>$2.50</span><span class="chakra-text css-623q5h" data-testid="was-price"><span class="css-idkz9h">$3.49</span>$3.49</span></p><p class="chakra-text css-1m5a6y8" data-testid="price-descriptor">SAVE $0.99</p></div><a href="/organic-rotini/p/20669803002_EA?source=nspt" class="chakra-linkbox__overlay css-1hnz6hu"><div class="css-0"><p class="chakra-text css-1ecdp9w" data-testid="product-brand">PC Organics</p><h3 class="chakra-heading css-6qrhwc" id="20669803002_EA" data-testid="product-title">Organic Rotini</h3><p class="chakra-text css-1yftjin" data-testid="product-package-size">454 g, $0.55/100g</p></div></a><div class="css-8keand"></div></div><div class="css-1q5omjq"><div class="css-fcebb8"><div data-testid="atc-compact" class="css-y94ivq" style="width: 45px;"><button type="button" class="chakra-button css-mudsm6" data-testid="atc-button"><svg stroke="currentColor" fill="currentColor" stroke-width="0" viewBox="0 0 24 24" focusable="false" class="chakra-icon css-1g3sp7a" data-testid="btn-icon" aria-hidden="true" height="1em" width="1em" xmlns="http://www.w3.org/2000/svg"><path d="M19 13h-6v6h-2v-6H5v-2h6V5h2v6h6v2z"></path></svg><span class="css-idkz9h">Add Organic Rotini to cart</span></button></div></div></div></div></div></li><li tabindex="-1" class="css-0"><div class="css-f5i5wc"><div class="chakra-linkbox css-vhnn8v"><div data-testid="product-image" class="css-16dr4ly"><img alt="Starbucks Pike Place Roast 794 g, $2.77/100g" src="https://assets.shop.loblaws.ca/products/21169344/b1/en/front/21169344_front_a01_@2.png" srcset="https://assets.shop.loblaws.ca/products/21169344/b1/en/front/21169344_front_a01_@2.png 1x, https://assets.shop.loblaws.ca/products/21169344/b1/en/front/21169344_front_a01_@2.png 2x" loading="lazy" class="chakra-image css-oguq8l" aria-hidden="true"></div><div class="css-qoklea"><div class="css-12dchmx"></div><div data-testid="price-product-tile" class="css-8atqhb"><p class="chakra-text css-0"><span class="chakra-text css-o93gbd" data-testid="sale-price"><span class="css-idkz9h">$21.99</span>$21.99</span><span class="chakra-text css-623q5h" data-testid="was-price"><span class="css-idkz9h">$26.99</span>$26.99</span></p><p class="chakra-text css-1m5a6y8" data-testid="price-descriptor">SAVE $5.00</p></div><a href="/pike-place-roast/p/21169344_EA?source=nspt" class="chakra-linkbox__overlay css-1hnz6hu"><div class="css-0"><p class="chakra-text css-1ecdp9w" data-testid="product-brand">Starbucks</p><h3 class="chakra-heading css-6qrhwc" id="21169344_EA" data-testid="product-title">Pike Place Roast</h3><p class="chakra-text css-1yftjin" data-testid="product-package-size">794 g, $2.77/100g</p></div></a><div class="css-8keand"><p class="chakra-text css-wytexo" data-testid="product-pco-badge">PC Optimum Offer</p></div></div><div class="css-1q5omjq"><div class="css-fcebb8"><div data-testid="atc-compact" class="css-y94ivq" style="width: 45px;"><button type="button" class="chakra-button css-mudsm6" data-testid="atc-button"><svg stroke="currentColor" fill="currentColor" stroke-width="0" viewBox="0 0 24 24" focusable="false" class="chakra-icon css-1g3sp7a" data-testid="btn-icon" aria-hidden="true" height="1em" width="1em" xmlns="http://www.w3.org/2000/svg"><path d="M19 13h-6v6h-2v-6H5v-2h6V5h2v6h6v2z"></path></svg><span class="css-idkz9h">Add Pike Place Roast to cart</span></button></div></div></div></div></div></li><li tabindex="-1" class="css-0"><div class="css-f5i5wc"><div class="chakra-linkbox css-vhnn8v"><div data-testid="product-image" class="css-16dr4ly"><img alt="Balderson Old Cheddar 280 g, $2.14/100g" src="https://assets.shop.loblaws.ca/products/20416277/b1/en/front/20416277_front_a01_@2.png" srcset="https://assets.shop.loblaws.ca/products/20416277/b1/en/front/20416277_front_a01_@2.png 1x, https://assets.shop.loblaws.ca/products/20416277/b1/en/front/20416277_front_a01_@2.png 2x" loading="lazy" class="chakra-image css-oguq8l" aria-hidden="true"></div><div class="css-qoklea"><div class="css-12dchmx"></div><div data-testid="price-product-tile" class="css-8atqhb"><p class="chakra-text css-0"><span class="chakra-text css-o93gbd" data-testid="sale-price"><span class="css-idkz9h">$5.99</span>$5.99</span><span class="chakra-text css-623q5h" data-testid="was-price"><span class="css-idkz9h">$9.49</span>$9.49</span></p><p class="chakra-text css-1m5a6y8" data-testid="price-descriptor">SAVE $3.50</p></div><a href="/old-cheddar/p/20416277_EA?source=nspt" class="chakra-linkbox__overlay css-1hnz6hu"><div class="css-0"><p class="chakra-text css-1ecdp9w" data-testid="product-brand">Balderson</p><h3 class="chakra-heading css-6qrhwc" id="20416277_EA" data-testid="product-title">Old Cheddar</h3><p class="chakra-text css-1yftjin" data-testid="product-package-size">280 g, $2.14/100g</p></div></a><div class="css-8keand"></div></div><div class="css-1q5omjq"><div class="css-fcebb8"><div data-testid="atc-compact" class="css-y94ivq" style="width: 45px;"><button type="button" class="chakra-button css-mudsm6" data-testid="atc-button"><svg stroke="currentColor" fill="currentColor" stroke-width="0" viewBox="0 0 24 24" focusable="false" class="chakra-icon css-1g3sp7a" data-testid="btn-icon" aria-hidden="true" height="1em" width="1em" xmlns="http://www.w3.org/2000/svg"><path d="M19 13h-6v6h-2v-6H5v-2h6V5h2v6h6v2z"></path></svg><span class="css-idkz9h">Add Old Cheddar to cart</span></button></div></div></div></div></div></li><li tabindex="-1" class="css-0"><div class="css-f5i5wc"><div class="chakra-linkbox css-vhnn8v"><div data-testid="product-image" class="css-16dr4ly"><img alt="President's Choice Old-Fashioned Style Bacon 1 kg, $1.40/100g" src="https://assets.shop.loblaws.ca/products/20115704/b1/en/front/20115704_front_a01_@2.png" srcset="https://assets.shop.loblaws.ca/products/20115704/b1/en/front/20115704_front_a01_@2.png 1x, https://assets.shop.loblaws.ca/products/20115704/b1/en/front/20115704_front_a01_@2.png 2x" loading="lazy" class="chakra-image css-oguq8l" aria-hidden="true"></div><div class="css-qoklea"><div class="css-12dchmx"></div><div data-testid="price-product-tile" class="css-8atqhb"><p class="chakra-text css-0"><span class="chakra-text css-o93gbd" data-testid="sale-price"><span class="css-idkz9h">$13.99</span>$13.99</span><span class="chakra-text css-623q5h" data-testid="was-price"><span class="css-idkz9h">$18.99</span>$18.99</span></p><p class="chakra-text css-1m5a6y8" data-testid="price-descriptor">SAVE $5.00</p></div><a href="/old-fashioned-style-bacon/p/20115704_EA?source=nspt" class="chakra-linkbox__overlay css-1hnz6hu"><div class="css-0"><p class="chakra-text css-1ecdp9w" data-testid="product-brand">President's Choice</p><h3 class="chakra-heading css-6qrhwc" id="20115704_EA" data-testid="product-title">Old-Fashioned Style Bacon</h3><p class="chakra-text css-1yftjin" data-testid="product-package-size">1 kg, $1.40/100g</p></div></a><div class="css-8keand"></div></div><div class="css-1q5omjq"><div class="css-fcebb8"><div data-testid="atc-compact" class="css-y94ivq" style="width: 45px;"><button type="button" class="chakra-button css-mudsm6" data-testid="atc-button"><svg stroke="currentColor" fill="currentColor" stroke-width="0" viewBox="0 0 24 24" focusable="false" class="chakra-icon css-1g3sp7a" data-testid="btn-icon" aria-hidden="true" height="1em" width="1em" xmlns="http://www.w3.org/2000/svg"><path d="M19 13h-6v6h-2v-6H5v-2h6V5h2v6h6v2z"></path></svg><span class="css-idkz9h">Add Old-Fashioned Style Bacon to cart</span></button></div></div></div></div></div></li><li tabindex="-1" class="css-0"><div class="css-f5i5wc"><div class="chakra-linkbox css-vhnn8v"><div data-testid="product-image" class="css-16dr4ly"><img alt="Becel Margarine Original 427 g, $1.05/100g" src="https://assets.shop.loblaws.ca/products/20322707001/b1/en/front/20322707001_front_a01_@2.png" srcset="https://assets.shop.loblaws.ca/products/20322707001/b1/en/front/20322707001_front_a01_@2.png 1x, https://assets.shop.loblaws.ca/products/20322707001/b1/en/front/20322707001_front_a01_@2.png 2x" loading="lazy" class="chakra-image css-oguq8l" aria-hidden="true"></div><div class="css-qoklea"><div class="css-12dchmx"></div><div data-testid="price-product-tile" class="css-8atqhb"><p class="chakra-text css-0"><span class="chakra-text css-o93gbd" data-testid="sale-price"><span class="css-idkz9h">$4.49</span>$4.49</span><span class="chakra-text css-623q5h" data-testid="was-price"><span class="css-idkz9h">$5.49</span>$5.49</span></p><p class="chakra-text css-1m5a6y8" data-testid="price-descriptor">SAVE $1.00</p></div><a href="/margarine-original/p/20322707001_EA?source=nspt" class="chakra-linkbox__overlay css-1hnz6hu"><div class="css-0"><p class="chakra-text css-1ecdp9w" data-testid="product-brand">Becel</p><h3 class="chakra-heading css-6qrhwc" id="20322707001_EA" data-testid="product-title">Margarine Original</h3><p class="chakra-text css-1yftjin" data-testid="product-package-size">427 g, $1.05/100g</p></div></a><div class="css-8keand"></div></div><div class="css-1q5omjq"><div class="css-fcebb8"><div data-testid="atc-compact" class="css-y94ivq" style="width: 45px;"><button type="button" class="chakra-button css-mudsm6" data-testid="atc-button"><svg stroke="currentColor" fill="currentColor" stroke-width="0" viewBox="0 0 24 24" focusable="false" class="chakra-icon css-1g3sp7a" data-testid="btn-icon" aria-hidden="true" height="1em" width="1em" xmlns="http://www.w3.org/2000/svg"><path d="M19 13h-6v6h-2v-6H5v-2h6V5h2v6h6v2z"></path></svg><span class="css-idkz9h">Add Margarine Original to cart</span></button></div></div></div></div></div></li><li tabindex="-1" class="css-0"><div class="css-f5i5wc"><div class="chakra-linkbox css-vhnn8v"><div data-testid="product-image" class="css-16dr4ly"><img alt="Nestlé Coffee Mate Liquid French Vanilla 946 ml, $0.74/100ml" src="https://assets.shop.loblaws.ca/products/21091209/b1/en/front/21091209_front_a01_@2.png" srcset="https://assets.shop.loblaws.ca/products/21091209/b1/en/front/21091209_front_a01_@2.png 1x, https://assets.shop.loblaws.ca/products/21091209/b1/en/front/21091209_front_a01_@2.png 2x" loading="lazy" class="chakra-image css-oguq8l" aria-hidden="true"></div><div class="css-qoklea"><div class="css-12dchmx"></div><div data-testid="price-product-tile" class="css-8atqhb"><p class="chakra-text css-0"><span class="chakra-text css-o93gbd" data-testid="sale-price"><span class="css-idkz9h">$5.50 MIN 2</span>$5.50 MIN 2</span></p><p class="chakra-text css-0"><span class="chakra-text css-1wji473" data-testid="non-members-price"><span class="css-idkz9h">$6.99</span>$6.99</span><span class="chakra-text css-esi4gg" data-testid="was-price"><span class="css-idkz9h"></span></span></p></div><a href="/coffee-mate-liquid-french-vanilla/p/21091209_EA?source=nspt" class="chakra-linkbox__overlay css-1hnz6hu"><div class="css-0"><p class="chakra-text css-1ecdp9w" data-testid="product-brand">Nestlé</p><h3 class="chakra-heading css-6qrhwc" id="21091209_EA" data-testid="product-title">Coffee Mate Liquid French Vanilla</h3><p class="chakra-text css-1yftjin" data-testid="product-package-size">946 ml, $0.74/100ml</p></div></a><div class="css-8keand"></div></div><div class="css-1q5omjq"><div class="css-fcebb8"><div data-testid="atc-compact" class="css-y94ivq" style="width: 45px;"><button type="button" class="chakra-button css-mudsm6" data-testid="atc-button"><svg stroke="currentColor" fill="currentColor" stroke-width="0" viewBox="0 0 24 24" focusable="false" class="chakra-icon css-1g3sp7a" data-testid="btn-icon" aria-hidden="true" height="1em" width="1em" xmlns="http://www.w3.org/2000/svg"><path d="M19 13h-6v6h-2v-6H5v-2h6V5h2v6h6v2z"></path></svg><span class="css-idkz9h">Add Coffee Mate Liquid French Vanilla to cart</span></button></div></div></div></div></div></li><li tabindex="-1" class="css-0"><div class="css-f5i5wc"><div class="chakra-linkbox css-vhnn8v"><div data-testid="product-image" class="css-16dr4ly"><img alt="Nescafe GOLD Espresso Instant Coffee 100 g, $5.99/100g" src="https://assets.shop.loblaws.ca/products/21074565/b1/en/front/21074565_front_a01_@2.png" srcset="https://assets.shop.loblaws.ca/products/21074565/b1/en/front/21074565_front_a01_@2.png 1x, https://assets.shop.loblaws.ca/products/21074565/b1/en/front/21074565_front_a01_@2.png 2x" loading="lazy" class="chakra-image css-oguq8l" aria-hidden="true"></div><div class="css-qoklea"><div class="css-12dchmx"></div><div data-testid="price-product-tile" class="css-8atqhb"><p class="chakra-text css-0"><span class="chakra-text css-o93gbd" data-testid="sale-price"><span class="css-idkz9h">$5.99</span>$5.99</span><span class="chakra-text css-623q5h" data-testid="was-price"><span class="css-idkz9h">$7.00</span>$7.00</span></p><p class="chakra-text css-1m5a6y8" data-testid="price-descriptor">SAVE $1.01</p></div><a href="/gold-espresso-instant-coffee/p/21074565_EA?source=nspt" class="chakra-linkbox__overlay css-1hnz6hu"><div class="css-0"><p class="chakra-text css-1ecdp9w" data-testid="product-brand">Nescafe</p><h3 class="chakra-heading css-6qrhwc" id="21074565_EA" data-testid="product-title">GOLD Espresso Instant Coffee</h3><p class="chakra-text css-1yftjin" data-testid="product-package-size">100 g, $5.99/100g</p></div></a><div class="css-8keand"></div></div><div class="css-1q5omjq"><div class="css-fcebb8"><div data-testid="atc-compact" class="css-y94ivq" style="width: 45px;"><button type="button" class="chakra-button css-mudsm6" data-testid="atc-button"><svg stroke="currentColor" fill="currentColor" stroke-width="0" viewBox="0 0 24 24" focusable="false" class="chakra-icon css-1g3sp7a" data-testid="btn-icon" aria-hidden="true" height="1em" width="1em" xmlns="http://www.w3.org/2000/svg"><path d="M19 13h-6v6h-2v-6H5v-2h6V5h2v6h6v2z"></path></svg><span class="css-idkz9h">Add GOLD Espresso Instant Coffee to cart</span></button></div></div></div></div></div></li><li tabindex="-1" class="css-0"><div class="css-f5i5wc"><div class="chakra-linkbox css-vhnn8v"><div data-testid="product-image" class="css-16dr4ly"><img alt="Tazo Organic Chai Te Bag  20 ea, $0.30/1ea" src="https://assets.shop.loblaws.ca/products/21308145/b1/en/front/21308145_front_a01_@2.png" srcset="https://assets.shop.loblaws.ca/products/21308145/b1/en/front/21308145_front_a01_@2.png 1x, https://assets.shop.loblaws.ca/products/21308145/b1/en/front/21308145_front_a01_@2.png 2x" loading="lazy" class="chakra-image css-oguq8l" aria-hidden="true"></div><div class="css-qoklea"><div class="css-12dchmx"></div><div data-testid="price-product-tile" class="css-8atqhb"><p class="chakra-text css-0"><span class="chakra-text css-o93gbd" data-testid="sale-price"><span class="css-idkz9h">$5.99</span>$5.99</span><span class="chakra-text css-623q5h" data-testid="was-price"><span class="css-idkz9h">$6.99</span>$6.99</span></p><p class="chakra-text css-1m5a6y8" data-testid="price-descriptor">SAVE $1.00</p></div><a href="/organic-chai-te-bag/p/21308145_EA?source=nspt" class="chakra-linkbox__overlay css-1hnz6hu"><div class="css-0"><p class="chakra-text css-1ecdp9w" data-testid="product-brand">Tazo</p><h3 class="chakra-heading css-6qrhwc" id="21308145_EA" data-testid="product-title">Organic Chai Te Bag </h3><p class="chakra-text css-1yftjin" data-testid="product-package-size">20 ea, $0.30/1ea</p></div></a><div class="css-8keand"></div></div><div class="css-1q5omjq"><div class="css-fcebb8"><div data-testid="atc-compact" class="css-y94ivq" style="width: 45px;"><button type="button" class="chakra-button css-mudsm6" data-testid="atc-button"><svg stroke="currentColor" fill="currentColor" stroke-width="0" viewBox="0 0 24 24" focusable="false" class="chakra-icon css-1g3sp7a" data-testid="btn-icon" aria-hidden="true" height="1em" width="1em" xmlns="http://www.w3.org/2000/svg"><path d="M19 13h-6v6h-2v-6H5v-2h6V5h2v6h6v2z"></path></svg><span class="css-idkz9h">Add Organic Chai Te Bag  to cart</span></button></div></div></div></div></div></li><li tabindex="-1" class="css-0"><div class="css-f5i5wc"><div class="chakra-linkbox css-vhnn8v"><div data-testid="product-image" class="css-16dr4ly"><img alt="Liberte Greek 5% Extra Creamy Yogurt, Vanilla Bean, High Protein 4x100.0 g, $1.25/100g" src="https://assets.shop.loblaws.ca/products/20801752003/b1/en/front/20801752003_front_a01_@2.png" srcset="https://assets.shop.loblaws.ca/products/20801752003/b1/en/front/20801752003_front_a01_@2.png 1x, https://assets.shop.loblaws.ca/products/20801752003/b1/en/front/20801752003_front_a01_@2.png 2x" loading="lazy" class="chakra-image css-oguq8l" aria-hidden="true"></div><div class="css-qoklea"><div class="css-12dchmx"></div><div data-testid="price-product-tile" class="css-8atqhb"><p class="chakra-text css-0"><span class="chakra-text css-o93gbd" data-testid="sale-price"><span class="css-idkz9h">$4.00 MIN 2</span>$4.00 MIN 2</span></p><p class="chakra-text css-0"><span class="chakra-text css-1wji473" data-testid="non-members-price"><span class="css-idkz9h">$4.99</span>$4.99</span><span class="chakra-text css-esi4gg" data-testid="was-price"><span class="css-idkz9h"></span></span></p></div><a href="/greek-5-extra-creamy-yogurt-vanilla-bean-high-prot/p/20801752003_EA?source=nspt" class="chakra-linkbox__overlay css-1hnz6hu"><div class="css-0"><p class="chakra-text css-1ecdp9w" data-testid="product-brand">Liberte</p><h3 class="chakra-heading css-6qrhwc" id="20801752003_EA" data-testid="product-title">Greek 5% Extra Creamy Yogurt, Vanilla Bean, High Protein</h3><p class="chakra-text css-1yftjin" data-testid="product-package-size">4x100.0 g, $1.25/100g</p></div></a><div class="css-8keand"></div></div><div class="css-1q5omjq"><div class="css-fcebb8"><div data-testid="atc-compact" class="css-y94ivq" style="width: 45px;"><button type="button" class="chakra-button css-mudsm6" data-testid="atc-button"><svg stroke="currentColor" fill="currentColor" stroke-width="0" viewBox="0 0 24 24" focusable="false" class="chakra-icon css-1g3sp7a" data-testid="btn-icon" aria-hidden="true" height="1em" width="1em" xmlns="http://www.w3.org/2000/svg"><path d="M19 13h-6v6h-2v-6H5v-2h6V5h2v6h6v2z"></path></svg><span class="css-idkz9h">Add Greek 5% Extra Creamy Yogurt, Vanilla Bean, High Protein to cart</span></button></div></div></div></div></div></li><li tabindex="-1" class="css-0"><div class="css-f5i5wc"><div class="chakra-linkbox css-vhnn8v"><div data-testid="product-image" class="css-16dr4ly"><img alt="No Name Vanilla Ice Cream Sandwiches 24x120.0 ml, $0.35/100ml" src="https://assets.shop.loblaws.ca/products/21013432/b1/en/front/21013432_front_a01_@2.png" srcset="https://assets.shop.loblaws.ca/products/21013432/b1/en/front/21013432_front_a01_@2.png 1x, https://assets.shop.loblaws.ca/products/21013432/b1/en/front/21013432_front_a01_@2.png 2x" loading="lazy" class="chakra-image css-oguq8l" aria-hidden="true"></div><div class="css-qoklea"><div class="css-12dchmx"></div><div data-testid="price-product-tile" class="css-8atqhb"><p class="chakra-text css-0"><span class="chakra-text css-o93gbd" data-testid="sale-price"><span class="css-idkz9h">$10.00</span>$10.00</span><span class="chakra-text css-623q5h" data-testid="was-price"><span class="css-idkz9h">$11.99</span>$11.99</span></p><p class="chakra-text css-1m5a6y8" data-testid="price-descriptor">SAVE $1.99</p></div><a href="/vanilla-ice-cream-sandwiches/p/21013432_EA?source=nspt" class="chakra-linkbox__overlay css-1hnz6hu"><div class="css-0"><p class="chakra-text css-1ecdp9w" data-testid="product-brand">No Name</p><h3 class="chakra-heading css-6qrhwc" id="21013432_EA" data-testid="product-title">Vanilla Ice Cream Sandwiches</h3><p class="chakra-text css-1yftjin" data-testid="product-package-size">24x120.0 ml, $0.35/100ml</p></div></a><div class="css-8keand"></div></div><div class="css-1q5omjq"><div class="css-fcebb8"><div data-testid="atc-compact" class="css-y94ivq" style="width: 45px;"><button type="button" class="chakra-button css-mudsm6" data-testid="atc-button"><svg stroke="currentColor" fill="currentColor" stroke-width="0" viewBox="0 0 24 24" focusable="false" class="chakra-icon css-1g3sp7a" data-testid="btn-icon" aria-hidden="true" height="1em" width="1em" xmlns="http://www.w3.org/2000/svg"><path d="M19 13h-6v6h-2v-6H5v-2h6V5h2v6h6v2z"></path></svg><span class="css-idkz9h">Add Vanilla Ice Cream Sandwiches to cart</span></button></div></div></div></div></div></li><li tabindex="-1" class="css-0"><div class="css-f5i5wc"><div class="chakra-linkbox css-vhnn8v"><div data-testid="product-image" class="css-16dr4ly"><img alt="Pepperidge Farm Goldfish Crisps Baked Snack Crackers Cheddar 177 g, $2.25/100g" src="https://assets.shop.loblaws.ca/products/21575295/b1/en/front/21575295_front_a01_@2.png" srcset="https://assets.shop.loblaws.ca/products/21575295/b1/en/front/21575295_front_a01_@2.png 1x, https://assets.shop.loblaws.ca/products/21575295/b1/en/front/21575295_front_a01_@2.png 2x" loading="lazy" class="chakra-image css-oguq8l" aria-hidden="true"></div><div class="css-qoklea"><div class="css-12dchmx"></div><div data-testid="price-product-tile" class="css-8atqhb"><p class="chakra-text css-0"><span class="chakra-text css-o93gbd" data-testid="sale-price"><span class="css-idkz9h">$3.50 MIN 2</span>$3.50 MIN 2</span></p><p class="chakra-text css-0"><span class="chakra-text css-1wji473" data-testid="non-members-price"><span class="css-idkz9h">$3.99</span>$3.99</span><span class="chakra-text css-esi4gg" data-testid="was-price"><span class="css-idkz9h"></span></span></p></div><a href="/goldfish-crisps-baked-snack-crackers-cheddar/p/21575295_EA?source=nspt" class="chakra-linkbox__overlay css-1hnz6hu"><div class="css-0"><p class="chakra-text css-1ecdp9w" data-testid="product-brand">Pepperidge Farm</p><h3 class="chakra-heading css-6qrhwc" id="21575295_EA" data-testid="product-title">Goldfish Crisps Baked Snack Crackers Cheddar</h3><p class="chakra-text css-1yftjin" data-testid="product-package-size">177 g, $2.25/100g</p></div></a><div class="css-8keand"></div></div><div class="css-1q5omjq"><div class="css-fcebb8"><div data-testid="atc-compact" class="css-y94ivq" style="width: 45px;"><button type="button" class="chakra-button css-mudsm6" data-testid="atc-button"><svg stroke="currentColor" fill="currentColor" stroke-width="0" viewBox="0 0 24 24" focusable="false" class="chakra-icon css-1g3sp7a" data-testid="btn-icon" aria-hidden="true" height="1em" width="1em" xmlns="http://www.w3.org/2000/svg"><path d="M19 13h-6v6h-2v-6H5v-2h6V5h2v6h6v2z"></path></svg><span class="css-idkz9h">Add Goldfish Crisps Baked Snack Crackers Cheddar to cart</span></button></div></div></div></div></div></li><li tabindex="-1" class="css-0"><div class="css-f5i5wc"><div class="chakra-linkbox css-vhnn8v"><div data-testid="product-image" class="css-16dr4ly"><img alt="Neilson Half and Half Cream 1 l, $0.38/100ml" src="https://assets.shop.loblaws.ca/products/20123609/b1/en/front/20123609_front_a01_@2.png" srcset="https://assets.shop.loblaws.ca/products/20123609/b1/en/front/20123609_front_a01_@2.png 1x, https://assets.shop.loblaws.ca/products/20123609/b1/en/front/20123609_front_a01_@2.png 2x" loading="lazy" class="chakra-image css-oguq8l" aria-hidden="true"></div><div class="css-qoklea"><div class="css-12dchmx"></div><div data-testid="price-product-tile" class="css-8atqhb"><p class="chakra-text css-0"><span class="chakra-text css-o93gbd" data-testid="sale-price"><span class="css-idkz9h">$3.79</span>$3.79</span><span class="chakra-text css-623q5h" data-testid="was-price"><span class="css-idkz9h">$4.49</span>$4.49</span></p><p class="chakra-text css-1m5a6y8" data-testid="price-descriptor">SAVE $0.70</p></div><a href="/half-and-half-cream/p/20123609_EA?source=nspt" class="chakra-linkbox__overlay css-1hnz6hu"><div class="css-0"><p class="chakra-text css-1ecdp9w" data-testid="product-brand">Neilson</p><h3 class="chakra-heading css-6qrhwc" id="20123609_EA" data-testid="product-title">Half and Half Cream</h3><p class="chakra-text css-1yftjin" data-testid="product-package-size">1 l, $0.38/100ml</p></div></a><div class="css-8keand"></div></div><div class="css-1q5omjq"><div class="css-fcebb8"><div data-testid="atc-compact" class="css-y94ivq" style="width: 45px;"><button type="button" class="chakra-button css-mudsm6" data-testid="atc-button"><svg stroke="currentColor" fill="currentColor" stroke-width="0" viewBox="0 0 24 24" focusable="false" class="chakra-icon css-1g3sp7a" data-testid="btn-icon" aria-hidden="true" height="1em" width="1em" xmlns="http://www.w3.org/2000/svg"><path d="M19 13h-6v6h-2v-6H5v-2h6V5h2v6h6v2z"></path></svg><span class="css-idkz9h">Add Half and Half Cream to cart</span></button></div></div></div></div></div></li><li tabindex="-1" class="css-0"><div class="css-f5i5wc"><div class="chakra-linkbox css-vhnn8v"><div data-testid="product-image" class="css-16dr4ly"><img alt="High Liner Pan Sear Selects Sole, Lemon Pepper 540 g, $2.04/100g" src="https://assets.shop.loblaws.ca/products/20296596002/b1/en/front/20296596002_front_a01_@2.png" srcset="https://assets.shop.loblaws.ca/products/20296596002/b1/en/front/20296596002_front_a01_@2.png 1x, https://assets.shop.loblaws.ca/products/20296596002/b1/en/front/20296596002_front_a01_@2.png 2x" loading="lazy" class="chakra-image css-oguq8l" aria-hidden="true"></div><div class="css-qoklea"><div class="css-12dchmx"></div><div data-testid="price-product-tile" class="css-8atqhb"><p class="chakra-text css-0"><span class="chakra-text css-o93gbd" data-testid="sale-price"><span class="css-idkz9h">$10.99</span>$10.99</span><span class="chakra-text css-623q5h" data-testid="was-price"><span class="css-idkz9h">$12.99</span>$12.99</span></p><p class="chakra-text css-1m5a6y8" data-testid="price-descriptor">SAVE $2.00</p></div><a href="/pan-sear-selects-sole-lemon-pepper/p/20296596002_EA?source=nspt" class="chakra-linkbox__overlay css-1hnz6hu"><div class="css-0"><p class="chakra-text css-1ecdp9w" data-testid="product-brand">High Liner</p><h3 class="chakra-heading css-6qrhwc" id="20296596002_EA" data-testid="product-title">Pan Sear Selects Sole, Lemon Pepper</h3><p class="chakra-text css-1yftjin" data-testid="product-package-size">540 g, $2.04/100g</p></div></a><div class="css-8keand"></div></div><div class="css-1q5omjq"><div class="css-fcebb8"><div data-testid="atc-compact" class="css-y94ivq" style="width: 45px;"><button type="button" class="chakra-button css-mudsm6" data-testid="atc-button"><svg stroke="currentColor" fill="currentColor" stroke-width="0" viewBox="0 0 24 24" focusable="false" class="chakra-icon css-1g3sp7a" data-testid="btn-icon" aria-hidden="true" height="1em" width="1em" xmlns="http://www.w3.org/2000/svg"><path d="M19 13h-6v6h-2v-6H5v-2h6V5h2v6h6v2z"></path></svg><span class="css-idkz9h">Add Pan Sear Selects Sole, Lemon Pepper to cart</span></button></div></div></div></div></div></li><li tabindex="-1" class="css-0"><div class="css-f5i5wc"><div class="chakra-linkbox css-vhnn8v"><div data-testid="product-image" class="css-16dr4ly"><img alt="Hellmanns Mayonnaise condiment for salads, burgers, gluten-free 750 ml, $0.93/100ml" src="https://assets.shop.loblaws.ca/products/21518360/b1/en/front/21518360_front_a01_@2.png" srcset="https://assets.shop.loblaws.ca/products/21518360/b1/en/front/21518360_front_a01_@2.png 1x, https://assets.shop.loblaws.ca/products/21518360/b1/en/front/21518360_front_a01_@2.png 2x" loading="lazy" class="chakra-image css-oguq8l" aria-hidden="true"></div><div class="css-qoklea"><div class="css-12dchmx"></div><div data-testid="price-product-tile" class="css-8atqhb"><p class="chakra-text css-0"><span class="chakra-text css-o93gbd" data-testid="sale-price"><span class="css-idkz9h">$6.99</span>$6.99</span><span class="chakra-text css-623q5h" data-testid="was-price"><span class="css-idkz9h">$7.99</span>$7.99</span></p><p class="chakra-text css-1m5a6y8" data-testid="price-descriptor">SAVE $1.00</p></div><a href="/mayonnaise-condiment-for-salads-burgers-gluten-fre/p/21518360_EA?source=nspt" class="chakra-linkbox__overlay css-1hnz6hu"><div class="css-0"><p class="chakra-text css-1ecdp9w" data-testid="product-brand">Hellmanns</p><h3 class="chakra-heading css-6qrhwc" id="21518360_EA" data-testid="product-title">Mayonnaise condiment for salads, burgers, gluten-free</h3><p class="chakra-text css-1yftjin" data-testid="product-package-size">750 ml, $0.93/100ml</p></div></a><div class="css-8keand"></div></div><div class="css-1q5omjq"><div class="css-fcebb8"><div data-testid="atc-compact" class="css-y94ivq" style="width: 45px;"><button type="button" class="chakra-button css-mudsm6" data-testid="atc-button"><svg stroke="currentColor" fill="currentColor" stroke-width="0" viewBox="0 0 24 24" focusable="false" class="chakra-icon css-1g3sp7a" data-testid="btn-icon" aria-hidden="true" height="1em" width="1em" xmlns="http://www.w3.org/2000/svg"><path d="M19 13h-6v6h-2v-6H5v-2h6V5h2v6h6v2z"></path></svg><span class="css-idkz9h">Add Mayonnaise condiment for salads, burgers, gluten-free to cart</span></button></div></div></div></div></div></li><li tabindex="-1" class="css-0"><div class="css-f5i5wc"><div class="chakra-linkbox css-vhnn8v"><div data-testid="product-image" class="css-16dr4ly"><img alt="President's Choice Club Size Super Absorbent Paper Towels 12 ea, $1.83/1ea" src="https://assets.shop.loblaws.ca/products/21558605/b1/en/front/21558605_front_a01_@2.png" srcset="https://assets.shop.loblaws.ca/products/21558605/b1/en/front/21558605_front_a01_@2.png 1x, https://assets.shop.loblaws.ca/products/21558605/b1/en/front/21558605_front_a01_@2.png 2x" loading="lazy" class="chakra-image css-oguq8l" aria-hidden="true"></div><div class="css-qoklea"><div class="css-12dchmx"></div><div data-testid="price-product-tile" class="css-8atqhb"><p class="chakra-text css-0"><span class="chakra-text css-o93gbd" data-testid="sale-price"><span class="css-idkz9h">$21.99</span>$21.99</span><span class="chakra-text css-623q5h" data-testid="was-price"><span class="css-idkz9h">$23.99</span>$23.99</span></p><p class="chakra-text css-1m5a6y8" data-testid="price-descriptor">SAVE $2.00</p></div><a href="/club-size-super-absorbent-paper-towels/p/21558605_EA?source=nspt" class="chakra-linkbox__overlay css-1hnz6hu"><div class="css-0"><p class="chakra-text css-1ecdp9w" data-testid="product-brand">President's Choice</p><h3 class="chakra-heading css-6qrhwc" id="21558605_EA" data-testid="product-title">Club Size Super Absorbent Paper Towels</h3><p class="chakra-text css-1yftjin" data-testid="product-package-size">12 ea, $1.83/1ea</p></div></a><div class="css-8keand"><p class="chakra-text css-wytexo" data-testid="product-pco-badge">2,000 PC Optimum Points</p></div></div><div class="css-1q5omjq"><div class="css-fcebb8"><div data-testid="atc-compact" class="css-y94ivq" style="width: 45px;"><button type="button" class="chakra-button css-mudsm6" data-testid="atc-button"><svg stroke="currentColor" fill="currentColor" stroke-width="0" viewBox="0 0 24 24" focusable="false" class="chakra-icon css-1g3sp7a" data-testid="btn-icon" aria-hidden="true" height="1em" width="1em" xmlns="http://www.w3.org/2000/svg"><path d="M19 13h-6v6h-2v-6H5v-2h6V5h2v6h6v2z"></path></svg><span class="css-idkz9h">Add Club Size Super Absorbent Paper Towels to cart</span></button></div></div></div></div></div></li><li tabindex="-1" class="css-0"><div class="css-f5i5wc"><div class="chakra-linkbox css-vhnn8v"><div data-testid="product-image" class="css-16dr4ly"><img alt="Titan Aluminum Foil Heavy Duty 25ft (2.32 M²) 1 ea, $2.00/1ea" src="https://assets.shop.loblaws.ca/products/21408432/b1/en/front/21408432_front_a01_@2.png" srcset="https://assets.shop.loblaws.ca/products/21408432/b1/en/front/21408432_front_a01_@2.png 1x, https://assets.shop.loblaws.ca/products/21408432/b1/en/front/21408432_front_a01_@2.png 2x" loading="lazy" class="chakra-image css-oguq8l" aria-hidden="true"></div><div class="css-qoklea"><div class="css-12dchmx"><div class="chakra-badge css-1esrteb" data-testid="product-badge"><div class="css-u4p24i">Hit of the Month</div></div></div><div data-testid="price-product-tile" class="css-8atqhb"><p class="chakra-text css-0"><span class="chakra-text css-o93gbd" data-testid="sale-price"><span class="css-idkz9h">$0.95</span>$0.95</span><span class="chakra-text css-623q5h" data-testid="was-price"><span class="css-idkz9h"></span></span></p><p class="chakra-text css-1m5a6y8" data-testid="price-descriptor">Limit 6, after limit $2.00</p></div><a href="/aluminum-foil-heavy-duty-25ft-2-32-m/p/21408432_EA?source=nspt" class="chakra-linkbox__overlay css-1hnz6hu"><div class="css-0"><p class="chakra-text css-1ecdp9w" data-testid="product-brand">Titan</p><h3 class="chakra-heading css-6qrhwc" id="21408432_EA" data-testid="product-title">Aluminum Foil Heavy Duty 25ft (2.32 M²)</h3><p class="chakra-text css-1yftjin" data-testid="product-package-size">1 ea, $2.00/1ea</p></div></a><div class="css-8keand"></div></div><div class="css-1q5omjq"><div class="css-fcebb8"><div data-testid="atc-compact" class="css-y94ivq" style="width: 45px;"><button type="button" class="chakra-button css-mudsm6" data-testid="atc-button"><svg stroke="currentColor" fill="currentColor" stroke-width="0" viewBox="0 0 24 24" focusable="false" class="chakra-icon css-1g3sp7a" data-testid="btn-icon" aria-hidden="true" height="1em" width="1em" xmlns="http://www.w3.org/2000/svg"><path d="M19 13h-6v6h-2v-6H5v-2h6V5h2v6h6v2z"></path></svg><span class="css-idkz9h">Add Aluminum Foil Heavy Duty 25ft (2.32 M²) to cart</span></button></div></div></div></div></div></li><li tabindex="-1" class="css-0"><div class="css-f5i5wc"><div class="chakra-linkbox css-vhnn8v"><div data-testid="product-image" class="css-16dr4ly"><img alt="President's Choice Perennials 15Cm 1 ea, $15.00/1ea" src="https://assets.shop.loblaws.ca/products/21350466/b1/en/front/21350466_front_a01_@2.png" srcset="https://assets.shop.loblaws.ca/products/21350466/b1/en/front/21350466_front_a01_@2.png 1x, https://assets.shop.loblaws.ca/products/21350466/b1/en/front/21350466_front_a01_@2.png 2x" loading="lazy" class="chakra-image css-oguq8l" aria-hidden="true"></div><div class="css-qoklea"><div class="css-12dchmx"></div><div data-testid="price-product-tile" class="css-8atqhb"><p class="chakra-text css-0"><span class="chakra-text css-o93gbd" data-testid="sale-price"><span class="css-idkz9h">$13.00 MIN 2</span>$13.00 MIN 2</span></p><p class="chakra-text css-0"><span class="chakra-text css-1wji473" data-testid="non-members-price"><span class="css-idkz9h">$15.00</span>$15.00</span><span class="chakra-text css-esi4gg" data-testid="was-price"><span class="css-idkz9h"></span></span></p></div><a href="/perennials-15cm/p/21350466_EA?source=nspt" class="chakra-linkbox__overlay css-1hnz6hu"><div class="css-0"><p class="chakra-text css-1ecdp9w" data-testid="product-brand">President's Choice</p><h3 class="chakra-heading css-6qrhwc" id="21350466_EA" data-testid="product-title">Perennials 15Cm</h3><p class="chakra-text css-1yftjin" data-testid="product-package-size">1 ea, $15.00/1ea</p></div></a><div class="css-8keand"><p class="chakra-text css-wytexo" data-testid="product-pco-badge">PC Optimum Offer</p></div></div><div class="css-1q5omjq"><div class="css-fcebb8"><div data-testid="atc-compact" class="css-y94ivq" style="width: 45px;"><button type="button" class="chakra-button css-mudsm6" data-testid="atc-button"><svg stroke="currentColor" fill="currentColor" stroke-width="0" viewBox="0 0 24 24" focusable="false" class="chakra-icon css-1g3sp7a" data-testid="btn-icon" aria-hidden="true" height="1em" width="1em" xmlns="http://www.w3.org/2000/svg"><path d="M19 13h-6v6h-2v-6H5v-2h6V5h2v6h6v2z"></path></svg><span class="css-idkz9h">Add Perennials 15Cm to cart</span></button></div></div></div></div></div></li><li tabindex="-1" class="css-0"><div class="css-f5i5wc"><div class="chakra-linkbox css-vhnn8v"><div data-testid="product-image" class="css-16dr4ly"><img alt="President's Choice Black Earth All Purpose Soil, 25L 1 ea, $3.00/1ea" src="https://assets.shop.loblaws.ca/products/21357792/b1/en/front/21357792_front_a01_@2.png" srcset="https://assets.shop.loblaws.ca/products/21357792/b1/en/front/21357792_front_a01_@2.png 1x, https://assets.shop.loblaws.ca/products/21357792/b1/en/front/21357792_front_a01_@2.png 2x" loading="lazy" class="chakra-image css-oguq8l" aria-hidden="true"></div><div class="css-qoklea"><div class="css-12dchmx"></div><div data-testid="price-product-tile" class="css-8atqhb"><p class="chakra-text css-0"><span class="chakra-text css-o93gbd" data-testid="sale-price"><span class="css-idkz9h">$2.75 MIN 4</span>$2.75 MIN 4</span></p><p class="chakra-text css-0"><span class="chakra-text css-1wji473" data-testid="non-members-price"><span class="css-idkz9h">$3.00</span>$3.00</span><span class="chakra-text css-esi4gg" data-testid="was-price"><span class="css-idkz9h"></span></span></p></div><a href="/black-earth-all-purpose-soil-25l/p/21357792_EA?source=nspt" class="chakra-linkbox__overlay css-1hnz6hu"><div class="css-0"><p class="chakra-text css-1ecdp9w" data-testid="product-brand">President's Choice</p><h3 class="chakra-heading css-6qrhwc" id="21357792_EA" data-testid="product-title">Black Earth All Purpose Soil, 25L</h3><p class="chakra-text css-1yftjin" data-testid="product-package-size">1 ea, $3.00/1ea</p></div></a><div class="css-8keand"><p class="chakra-text css-wytexo" data-testid="product-pco-badge">PC Optimum Offer</p></div></div><div class="css-1q5omjq"><div class="css-fcebb8"><div data-testid="atc-compact" class="css-y94ivq" style="width: 45px;"><button type="button" class="chakra-button css-mudsm6" data-testid="atc-button"><svg stroke="currentColor" fill="currentColor" stroke-width="0" viewBox="0 0 24 24" focusable="false" class="chakra-icon css-1g3sp7a" data-testid="btn-icon" aria-hidden="true" height="1em" width="1em" xmlns="http://www.w3.org/2000/svg"><path d="M19 13h-6v6h-2v-6H5v-2h6V5h2v6h6v2z"></path></svg><span class="css-idkz9h">Add Black Earth All Purpose Soil, 25L to cart</span></button></div></div></div></div></div></li><li tabindex="-1" class="css-0"><div class="css-f5i5wc"><div class="chakra-linkbox css-vhnn8v"><div data-testid="product-image" class="css-16dr4ly"><img alt="null Tomato Beefsteak  Red $4.39/1kg $1.99/1lb" src="https://assets.shop.loblaws.ca/products/20426141001/b1/en/front/20426141001_front_a01_@2.png" srcset="https://assets.shop.loblaws.ca/products/20426141001/b1/en/front/20426141001_front_a01_@2.png 1x, https://assets.shop.loblaws.ca/products/20426141001/b1/en/front/20426141001_front_a01_@2.png 2x" loading="lazy" class="chakra-image css-oguq8l" aria-hidden="true"></div><div class="css-qoklea"><div class="css-12dchmx"></div><div data-testid="price-product-tile" class="css-8atqhb"><p class="chakra-text css-0"><span class="chakra-text css-o93gbd" data-testid="sale-price"><span class="css-idkz9h">about $1.18</span>about $1.18</span><span class="chakra-text css-623q5h" data-testid="was-price"><span class="css-idkz9h">$1.47</span>$1.47</span></p><p class="chakra-text css-1m5a6y8" data-testid="price-descriptor">SAVE $0.29</p></div><a href="/tomato-beefsteak-red/p/20426141001_KG?source=nspt" class="chakra-linkbox__overlay css-1hnz6hu"><div class="css-0"><h3 class="chakra-heading css-6qrhwc" id="20426141001_KG" data-testid="product-title">Tomato Beefsteak  Red</h3><p class="chakra-text css-1yftjin" data-testid="product-package-size">$4.39/1kg $1.99/1lb</p></div></a><div class="css-8keand"></div></div><div class="css-1q5omjq"><div class="css-fcebb8"><div data-testid="atc-compact" class="css-y94ivq" style="width: 45px;"><button type="button" class="chakra-button css-mudsm6" data-testid="atc-button"><svg stroke="currentColor" fill="currentColor" stroke-width="0" viewBox="0 0 24 24" focusable="false" class="chakra-icon css-1g3sp7a" data-testid="btn-icon" aria-hidden="true" height="1em" width="1em" xmlns="http://www.w3.org/2000/svg"><path d="M19 13h-6v6h-2v-6H5v-2h6V5h2v6h6v2z"></path></svg><span class="css-idkz9h">Add Tomato Beefsteak  Red to cart</span></button></div></div></div></div></div></li><li tabindex="-1" class="css-0"><div class="css-f5i5wc"><div class="chakra-linkbox css-vhnn8v"><div data-testid="product-image" class="css-16dr4ly"><img alt="Farmer's Market Greenhouse Peppers 1 ea, $1.33/1ea" src="https://assets.shop.loblaws.ca/products/20085851001/b1/en/front/20085851001_front_a01_@2.png" srcset="https://assets.shop.loblaws.ca/products/20085851001/b1/en/front/20085851001_front_a01_@2.png 1x, https://assets.shop.loblaws.ca/products/20085851001/b1/en/front/20085851001_front_a01_@2.png 2x" loading="lazy" class="chakra-image css-oguq8l" aria-hidden="true"></div><div class="css-qoklea"><div class="css-12dchmx"></div><div data-testid="price-product-tile" class="css-8atqhb"><p class="chakra-text css-0"><span class="chakra-text css-o93gbd" data-testid="sale-price"><span class="css-idkz9h">$3.99</span>$3.99</span><span class="chakra-text css-623q5h" data-testid="was-price"><span class="css-idkz9h">$4.49</span>$4.49</span></p><p class="chakra-text css-1m5a6y8" data-testid="price-descriptor">SAVE $0.50</p></div><a href="/greenhouse-peppers/p/20085851001_EA?source=nspt" class="chakra-linkbox__overlay css-1hnz6hu"><div class="css-0"><p class="chakra-text css-1ecdp9w" data-testid="product-brand">Farmer's Market</p><h3 class="chakra-heading css-6qrhwc" id="20085851001_EA" data-testid="product-title">Greenhouse Peppers</h3><p class="chakra-text css-1yftjin" data-testid="product-package-size">1 ea, $1.33/1ea</p></div></a><div class="css-8keand"></div></div><div class="css-1q5omjq"><div class="css-fcebb8"><div data-testid="atc-compact" class="css-y94ivq" style="width: 45px;"><button type="button" class="chakra-button css-mudsm6" data-testid="atc-button"><svg stroke="currentColor" fill="currentColor" stroke-width="0" viewBox="0 0 24 24" focusable="false" class="chakra-icon css-1g3sp7a" data-testid="btn-icon" aria-hidden="true" height="1em" width="1em" xmlns="http://www.w3.org/2000/svg"><path d="M19 13h-6v6h-2v-6H5v-2h6V5h2v6h6v2z"></path></svg><span class="css-idkz9h">Add Greenhouse Peppers to cart</span></button></div></div></div></div></div></li><li tabindex="-1" class="css-0"><div class="css-f5i5wc"><div class="chakra-linkbox css-vhnn8v"><div data-testid="product-image" class="css-16dr4ly"><img alt="null Radishes 1 bunch, $1.69/1ea" src="https://assets.shop.loblaws.ca/products/20032320001/b1/en/front/20032320001_front_a01_@2.png" srcset="https://assets.shop.loblaws.ca/products/20032320001/b1/en/front/20032320001_front_a01_@2.png 1x, https://assets.shop.loblaws.ca/products/20032320001/b1/en/front/20032320001_front_a01_@2.png 2x" loading="lazy" class="chakra-image css-oguq8l" aria-hidden="true"></div><div class="css-qoklea"><div class="css-12dchmx"></div><div data-testid="price-product-tile" class="css-8atqhb"><p class="chakra-text css-0"><span class="chakra-text css-o93gbd" data-testid="sale-price"><span class="css-idkz9h">$1.69</span>$1.69</span><span class="chakra-text css-623q5h" data-testid="was-price"><span class="css-idkz9h">$1.99</span>$1.99</span></p><p class="chakra-text css-1m5a6y8" data-testid="price-descriptor">SAVE $0.30</p></div><a href="/radishes/p/20032320001_EA?source=nspt" class="chakra-linkbox__overlay css-1hnz6hu"><div class="css-0"><h3 class="chakra-heading css-6qrhwc" id="20032320001_EA" data-testid="product-title">Radishes</h3><p class="chakra-text css-1yftjin" data-testid="product-package-size">1 bunch, $1.69/1ea</p></div></a><div class="css-8keand"></div></div><div class="css-1q5omjq"><div class="css-fcebb8"><div data-testid="atc-compact" class="css-y94ivq" style="width: 45px;"><button type="button" class="chakra-button css-mudsm6" data-testid="atc-button"><svg stroke="currentColor" fill="currentColor" stroke-width="0" viewBox="0 0 24 24" focusable="false" class="chakra-icon css-1g3sp7a" data-testid="btn-icon" aria-hidden="true" height="1em" width="1em" xmlns="http://www.w3.org/2000/svg"><path d="M19 13h-6v6h-2v-6H5v-2h6V5h2v6h6v2z"></path></svg><span class="css-idkz9h">Add Radishes to cart</span></button></div></div></div></div></div></li></ul></div></div><div id=":rq:" class="css-0"> </div></div><section><div class="chakra-container css-1yvva6b" data-testid="product-carousel-skeleton"><div class="css-0"><div data-testid="headline-skeleton" class="css-1lekzkb"><div class="chakra-skeleton css-1owawte"></div><div class="chakra-skeleton css-5l70j4"></div></div><div class="css-k008qs"><div class="chakra-skeleton css-a9sh8e"></div></div></div><div class="css-1kybsb"><div data-testid="product-tile-skeleton" class="css-gjyizy"><div class="css-2eqptn"><div class="chakra-skeleton css-p3naht"></div><div class="chakra-skeleton css-1lsgna"></div></div><div class="css-8t32m0"><div class="chakra-skeleton css-iwsmz6"></div><div class="chakra-skeleton css-13fqsnp"></div><div class="chakra-skeleton css-172iylp"></div><div class="chakra-skeleton css-13fqsnp"></div></div></div><div data-testid="product-tile-skeleton" class="css-gjyizy"><div class="css-2eqptn"><div class="chakra-skeleton css-p3naht"></div><div class="chakra-skeleton css-1lsgna"></div></div><div class="css-8t32m0"><div class="chakra-skeleton css-iwsmz6"></div><div class="chakra-skeleton css-13fqsnp"></div><div class="chakra-skeleton css-172iylp"></div><div class="chakra-skeleton css-13fqsnp"></div></div></div><div data-testid="product-tile-skeleton" class="css-gjyizy"><div class="css-2eqptn"><div class="chakra-skeleton css-p3naht"></div><div class="chakra-skeleton css-1lsgna"></div></div><div class="css-8t32m0"><div class="chakra-skeleton css-iwsmz6"></div><div class="chakra-skeleton css-13fqsnp"></div><div class="chakra-skeleton css-172iylp"></div><div class="chakra-skeleton css-13fqsnp"></div></div></div><div data-testid="product-tile-skeleton" class="css-gjyizy"><div class="css-2eqptn"><div class="chakra-skeleton css-p3naht"></div><div class="chakra-skeleton css-1lsgna"></div></div><div class="css-8t32m0"><div class="chakra-skeleton css-iwsmz6"></div><div class="chakra-skeleton css-13fqsnp"></div><div class="chakra-skeleton css-172iylp"></div><div class="chakra-skeleton css-13fqsnp"></div></div></div><div data-testid="product-tile-skeleton" class="css-gjyizy"><div class="css-2eqptn"><div class="chakra-skeleton css-p3naht"></div><div class="chakra-skeleton css-1lsgna"></div></div><div class="css-8t32m0"><div class="chakra-skeleton css-iwsmz6"></div><div class="chakra-skeleton css-13fqsnp"></div><div class="chakra-skeleton css-172iylp"></div><div class="chakra-skeleton css-13fqsnp"></div></div></div><div data-testid="product-tile-skeleton" class="css-gjyizy"><div class="css-2eqptn"><div class="chakra-skeleton css-p3naht"></div><div class="chakra-skeleton css-1lsgna"></div></div><div class="css-8t32m0"><div class="chakra-skeleton css-iwsmz6"></div><div class="chakra-skeleton css-13fqsnp"></div><div class="chakra-skeleton css-172iylp"></div><div class="chakra-skeleton css-13fqsnp"></div></div></div><div data-testid="product-tile-skeleton" class="css-gjyizy"><div class="css-2eqptn"><div class="chakra-skeleton css-p3naht"></div><div class="chakra-skeleton css-1lsgna"></div></div><div class="css-8t32m0"><div class="chakra-skeleton css-iwsmz6"></div><div class="chakra-skeleton css-13fqsnp"></div><div class="chakra-skeleton css-172iylp"></div><div class="chakra-skeleton css-13fqsnp"></div></div></div><div data-testid="product-tile-skeleton" class="css-gjyizy"><div class="css-2eqptn"><div class="chakra-skeleton css-p3naht"></div><div class="chakra-skeleton css-1lsgna"></div></div><div class="css-8t32m0"><div class="chakra-skeleton css-iwsmz6"></div><div class="chakra-skeleton css-13fqsnp"></div><div class="chakra-skeleton css-172iylp"></div><div class="chakra-skeleton css-13fqsnp"></div></div></div><div data-testid="product-tile-skeleton" class="css-gjyizy"><div class="css-2eqptn"><div class="chakra-skeleton css-p3naht"></div><div class="chakra-skeleton css-1lsgna"></div></div><div class="css-8t32m0"><div class="chakra-skeleton css-iwsmz6"></div><div class="chakra-skeleton css-13fqsnp"></div><div class="chakra-skeleton css-172iylp"></div><div class="chakra-skeleton css-13fqsnp"></div></div></div><div data-testid="product-tile-skeleton" class="css-gjyizy"><div class="css-2eqptn"><div class="chakra-skeleton css-p3naht"></div><div class="chakra-skeleton css-1lsgna"></div></div><div class="css-8t32m0"><div class="chakra-skeleton css-iwsmz6"></div><div class="chakra-skeleton css-13fqsnp"></div><div class="chakra-skeleton css-172iylp"></div><div class="chakra-skeleton css-13fqsnp"></div></div></div></div></div></section><section><div class="chakra-container css-1yvva6b" data-testid="product-carousel-skeleton"><div class="css-0"><div data-testid="headline-skeleton" class="css-1lekzkb"><div class="chakra-skeleton css-1owawte"></div><div class="chakra-skeleton css-5l70j4"></div></div><div class="css-k008qs"><div class="chakra-skeleton css-a9sh8e"></div></div></div><div class="css-1kybsb"><div data-testid="product-tile-skeleton" class="css-gjyizy"><div class="css-2eqptn"><div class="chakra-skeleton css-p3naht"></div><div class="chakra-skeleton css-1lsgna"></div></div><div class="css-8t32m0"><div class="chakra-skeleton css-iwsmz6"></div><div class="chakra-skeleton css-13fqsnp"></div><div class="chakra-skeleton css-172iylp"></div><div class="chakra-skeleton css-13fqsnp"></div></div></div><div data-testid="product-tile-skeleton" class="css-gjyizy"><div class="css-2eqptn"><div class="chakra-skeleton css-p3naht"></div><div class="chakra-skeleton css-1lsgna"></div></div><div class="css-8t32m0"><div class="chakra-skeleton css-iwsmz6"></div><div class="chakra-skeleton css-13fqsnp"></div><div class="chakra-skeleton css-172iylp"></div><div class="chakra-skeleton css-13fqsnp"></div></div></div><div data-testid="product-tile-skeleton" class="css-gjyizy"><div class="css-2eqptn"><div class="chakra-skeleton css-p3naht"></div><div class="chakra-skeleton css-1lsgna"></div></div><div class="css-8t32m0"><div class="chakra-skeleton css-iwsmz6"></div><div class="chakra-skeleton css-13fqsnp"></div><div class="chakra-skeleton css-172iylp"></div><div class="chakra-skeleton css-13fqsnp"></div></div></div><div data-testid="product-tile-skeleton" class="css-gjyizy"><div class="css-2eqptn"><div class="chakra-skeleton css-p3naht"></div><div class="chakra-skeleton css-1lsgna"></div></div><div class="css-8t32m0"><div class="chakra-skeleton css-iwsmz6"></div><div class="chakra-skeleton css-13fqsnp"></div><div class="chakra-skeleton css-172iylp"></div><div class="chakra-skeleton css-13fqsnp"></div></div></div><div data-testid="product-tile-skeleton" class="css-gjyizy"><div class="css-2eqptn"><div class="chakra-skeleton css-p3naht"></div><div class="chakra-skeleton css-1lsgna"></div></div><div class="css-8t32m0"><div class="chakra-skeleton css-iwsmz6"></div><div class="chakra-skeleton css-13fqsnp"></div><div class="chakra-skeleton css-172iylp"></div><div class="chakra-skeleton css-13fqsnp"></div></div></div><div data-testid="product-tile-skeleton" class="css-gjyizy"><div class="css-2eqptn"><div class="chakra-skeleton css-p3naht"></div><div class="chakra-skeleton css-1lsgna"></div></div><div class="css-8t32m0"><div class="chakra-skeleton css-iwsmz6"></div><div class="chakra-skeleton css-13fqsnp"></div><div class="chakra-skeleton css-172iylp"></div><div class="chakra-skeleton css-13fqsnp"></div></div></div><div data-testid="product-tile-skeleton" class="css-gjyizy"><div class="css-2eqptn"><div class="chakra-skeleton css-p3naht"></div><div class="chakra-skeleton css-1lsgna"></div></div><div class="css-8t32m0"><div class="chakra-skeleton css-iwsmz6"></div><div class="chakra-skeleton css-13fqsnp"></div><div class="chakra-skeleton css-172iylp"></div><div class="chakra-skeleton css-13fqsnp"></div></div></div><div data-testid="product-tile-skeleton" class="css-gjyizy"><div class="css-2eqptn"><div class="chakra-skeleton css-p3naht"></div><div class="chakra-skeleton css-1lsgna"></div></div><div class="css-8t32m0"><div class="chakra-skeleton css-iwsmz6"></div><div class="chakra-skeleton css-13fqsnp"></div><div class="chakra-skeleton css-172iylp"></div><div class="chakra-skeleton css-13fqsnp"></div></div></div><div data-testid="product-tile-skeleton" class="css-gjyizy"><div class="css-2eqptn"><div class="chakra-skeleton css-p3naht"></div><div class="chakra-skeleton css-1lsgna"></div></div><div class="css-8t32m0"><div class="chakra-skeleton css-iwsmz6"></div><div class="chakra-skeleton css-13fqsnp"></div><div class="chakra-skeleton css-172iylp"></div><div class="chakra-skeleton css-13fqsnp"></div></div></div><div data-testid="product-tile-skeleton" class="css-gjyizy"><div class="css-2eqptn"><div class="chakra-skeleton css-p3naht"></div><div class="chakra-skeleton css-1lsgna"></div></div><div class="css-8t32m0"><div class="chakra-skeleton css-iwsmz6"></div><div class="chakra-skeleton css-13fqsnp"></div><div class="chakra-skeleton css-172iylp"></div><div class="chakra-skeleton css-13fqsnp"></div></div></div></div></div></section><section><div class="chakra-container css-1yvva6b" data-testid="product-carousel-skeleton"><div class="css-0"><div data-testid="headline-skeleton" class="css-1lekzkb"><div class="chakra-skeleton css-1owawte"></div><div class="chakra-skeleton css-5l70j4"></div></div><div class="css-k008qs"><div class="chakra-skeleton css-a9sh8e"></div></div></div><div class="css-1kybsb"><div data-testid="product-tile-skeleton" class="css-gjyizy"><div class="css-2eqptn"><div class="chakra-skeleton css-p3naht"></div><div class="chakra-skeleton css-1lsgna"></div></div><div class="css-8t32m0"><div class="chakra-skeleton css-iwsmz6"></div><div class="chakra-skeleton css-13fqsnp"></div><div class="chakra-skeleton css-172iylp"></div><div class="chakra-skeleton css-13fqsnp"></div></div></div><div data-testid="product-tile-skeleton" class="css-gjyizy"><div class="css-2eqptn"><div class="chakra-skeleton css-p3naht"></div><div class="chakra-skeleton css-1lsgna"></div></div><div class="css-8t32m0"><div class="chakra-skeleton css-iwsmz6"></div><div class="chakra-skeleton css-13fqsnp"></div><div class="chakra-skeleton css-172iylp"></div><div class="chakra-skeleton css-13fqsnp"></div></div></div><div data-testid="product-tile-skeleton" class="css-gjyizy"><div class="css-2eqptn"><div class="chakra-skeleton css-p3naht"></div><div class="chakra-skeleton css-1lsgna"></div></div><div class="css-8t32m0"><div class="chakra-skeleton css-iwsmz6"></div><div class="chakra-skeleton css-13fqsnp"></div><div class="chakra-skeleton css-172iylp"></div><div class="chakra-skeleton css-13fqsnp"></div></div></div><div data-testid="product-tile-skeleton" class="css-gjyizy"><div class="css-2eqptn"><div class="chakra-skeleton css-p3naht"></div><div class="chakra-skeleton css-1lsgna"></div></div><div class="css-8t32m0"><div class="chakra-skeleton css-iwsmz6"></div><div class="chakra-skeleton css-13fqsnp"></div><div class="chakra-skeleton css-172iylp"></div><div class="chakra-skeleton css-13fqsnp"></div></div></div><div data-testid="product-tile-skeleton" class="css-gjyizy"><div class="css-2eqptn"><div class="chakra-skeleton css-p3naht"></div><div class="chakra-skeleton css-1lsgna"></div></div><div class="css-8t32m0"><div class="chakra-skeleton css-iwsmz6"></div><div class="chakra-skeleton css-13fqsnp"></div><div class="chakra-skeleton css-172iylp"></div><div class="chakra-skeleton css-13fqsnp"></div></div></div><div data-testid="product-tile-skeleton" class="css-gjyizy"><div class="css-2eqptn"><div class="chakra-skeleton css-p3naht"></div><div class="chakra-skeleton css-1lsgna"></div></div><div class="css-8t32m0"><div class="chakra-skeleton css-iwsmz6"></div><div class="chakra-skeleton css-13fqsnp"></div><div class="chakra-skeleton css-172iylp"></div><div class="chakra-skeleton css-13fqsnp"></div></div></div><div data-testid="product-tile-skeleton" class="css-gjyizy"><div class="css-2eqptn"><div class="chakra-skeleton css-p3naht"></div><div class="chakra-skeleton css-1lsgna"></div></div><div class="css-8t32m0"><div class="chakra-skeleton css-iwsmz6"></div><div class="chakra-skeleton css-13fqsnp"></div><div class="chakra-skeleton css-172iylp"></div><div class="chakra-skeleton css-13fqsnp"></div></div></div><div data-testid="product-tile-skeleton" class="css-gjyizy"><div class="css-2eqptn"><div class="chakra-skeleton css-p3naht"></div><div class="chakra-skeleton css-1lsgna"></div></div><div class="css-8t32m0"><div class="chakra-skeleton css-iwsmz6"></div><div class="chakra-skeleton css-13fqsnp"></div><div class="chakra-skeleton css-172iylp"></div><div class="chakra-skeleton css-13fqsnp"></div></div></div><div data-testid="product-tile-skeleton" class="css-gjyizy"><div class="css-2eqptn"><div class="chakra-skeleton css-p3naht"></div><div class="chakra-skeleton css-1lsgna"></div></div><div class="css-8t32m0"><div class="chakra-skeleton css-iwsmz6"></div><div class="chakra-skeleton css-13fqsnp"></div><div class="chakra-skeleton css-172iylp"></div><div class="chakra-skeleton css-13fqsnp"></div></div></div><div data-testid="product-tile-skeleton" class="css-gjyizy"><div class="css-2eqptn"><div class="chakra-skeleton css-p3naht"></div><div class="chakra-skeleton css-1lsgna"></div></div><div class="css-8t32m0"><div class="chakra-skeleton css-iwsmz6"></div><div class="chakra-skeleton css-13fqsnp"></div><div class="chakra-skeleton css-172iylp"></div><div class="chakra-skeleton css-13fqsnp"></div></div></div></div></div></section><section><div class="chakra-container css-1yvva6b" data-testid="product-carousel-skeleton"><div class="css-0"><div data-testid="headline-skeleton" class="css-1lekzkb"><div class="chakra-skeleton css-1owawte"></div><div class="chakra-skeleton css-5l70j4"></div></div><div class="css-k008qs"><div class="chakra-skeleton css-a9sh8e"></div></div></div><div class="css-1kybsb"><div data-testid="product-tile-skeleton" class="css-gjyizy"><div class="css-2eqptn"><div class="chakra-skeleton css-p3naht"></div><div class="chakra-skeleton css-1lsgna"></div></div><div class="css-8t32m0"><div class="chakra-skeleton css-iwsmz6"></div><div class="chakra-skeleton css-13fqsnp"></div><div class="chakra-skeleton css-172iylp"></div><div class="chakra-skeleton css-13fqsnp"></div></div></div><div data-testid="product-tile-skeleton" class="css-gjyizy"><div class="css-2eqptn"><div class="chakra-skeleton css-p3naht"></div><div class="chakra-skeleton css-1lsgna"></div></div><div class="css-8t32m0"><div class="chakra-skeleton css-iwsmz6"></div><div class="chakra-skeleton css-13fqsnp"></div><div class="chakra-skeleton css-172iylp"></div><div class="chakra-skeleton css-13fqsnp"></div></div></div><div data-testid="product-tile-skeleton" class="css-gjyizy"><div class="css-2eqptn"><div class="chakra-skeleton css-p3naht"></div><div class="chakra-skeleton css-1lsgna"></div></div><div class="css-8t32m0"><div class="chakra-skeleton css-iwsmz6"></div><div class="chakra-skeleton css-13fqsnp"></div><div class="chakra-skeleton css-172iylp"></div><div class="chakra-skeleton css-13fqsnp"></div></div></div><div data-testid="product-tile-skeleton" class="css-gjyizy"><div class="css-2eqptn"><div class="chakra-skeleton css-p3naht"></div><div class="chakra-skeleton css-1lsgna"></div></div><div class="css-8t32m0"><div class="chakra-skeleton css-iwsmz6"></div><div class="chakra-skeleton css-13fqsnp"></div><div class="chakra-skeleton css-172iylp"></div><div class="chakra-skeleton css-13fqsnp"></div></div></div><div data-testid="product-tile-skeleton" class="css-gjyizy"><div class="css-2eqptn"><div class="chakra-skeleton css-p3naht"></div><div class="chakra-skeleton css-1lsgna"></div></div><div class="css-8t32m0"><div class="chakra-skeleton css-iwsmz6"></div><div class="chakra-skeleton css-13fqsnp"></div><div class="chakra-skeleton css-172iylp"></div><div class="chakra-skeleton css-13fqsnp"></div></div></div><div data-testid="product-tile-skeleton" class="css-gjyizy"><div class="css-2eqptn"><div class="chakra-skeleton css-p3naht"></div><div class="chakra-skeleton css-1lsgna"></div></div><div class="css-8t32m0"><div class="chakra-skeleton css-iwsmz6"></div><div class="chakra-skeleton css-13fqsnp"></div><div class="chakra-skeleton css-172iylp"></div><div class="chakra-skeleton css-13fqsnp"></div></div></div><div data-testid="product-tile-skeleton" class="css-gjyizy"><div class="css-2eqptn"><div class="chakra-skeleton css-p3naht"></div><div class="chakra-skeleton css-1lsgna"></div></div><div class="css-8t32m0"><div class="chakra-skeleton css-iwsmz6"></div><div class="chakra-skeleton css-13fqsnp"></div><div class="chakra-skeleton css-172iylp"></div><div class="chakra-skeleton css-13fqsnp"></div></div></div><div data-testid="product-tile-skeleton" class="css-gjyizy"><div class="css-2eqptn"><div class="chakra-skeleton css-p3naht"></div><div class="chakra-skeleton css-1lsgna"></div></div><div class="css-8t32m0"><div class="chakra-skeleton css-iwsmz6"></div><div class="chakra-skeleton css-13fqsnp"></div><div class="chakra-skeleton css-172iylp"></div><div class="chakra-skeleton css-13fqsnp"></div></div></div><div data-testid="product-tile-skeleton" class="css-gjyizy"><div class="css-2eqptn"><div class="chakra-skeleton css-p3naht"></div><div class="chakra-skeleton css-1lsgna"></div></div><div class="css-8t32m0"><div class="chakra-skeleton css-iwsmz6"></div><div class="chakra-skeleton css-13fqsnp"></div><div class="chakra-skeleton css-172iylp"></div><div class="chakra-skeleton css-13fqsnp"></div></div></div><div data-testid="product-tile-skeleton" class="css-gjyizy"><div class="css-2eqptn"><div class="chakra-skeleton css-p3naht"></div><div class="chakra-skeleton css-1lsgna"></div></div><div class="css-8t32m0"><div class="chakra-skeleton css-iwsmz6"></div><div class="chakra-skeleton css-13fqsnp"></div><div class="chakra-skeleton css-172iylp"></div><div class="chakra-skeleton css-13fqsnp"></div></div></div></div></div></section><section><div class="chakra-container css-1yvva6b" data-testid="section"><div class="css-0"><div data-testid="headline-skeleton" class="css-1lekzkb"><div class="chakra-skeleton css-1owawte"></div><div class="chakra-skeleton css-5l70j4"></div></div><div class="css-k008qs"><div class="chakra-skeleton css-a9sh8e"></div></div></div><div data-testid="spotlight-skeleton" class="css-1sgy3jr"><div class="css-do86b6"><div class="chakra-skeleton css-6pcnng"></div><div class="css-6vln0l"><div class="chakra-skeleton css-uny4kg"></div><div class="chakra-skeleton css-y0q7fv"></div><div class="css-17xejub"></div><div class="chakra-skeleton css-1u38pz9"></div></div></div><div data-testid="product-grid" class="css-l77v97"><div class="css-0"><div data-testid="product-tile-skeleton" class="css-1vlaaab"><div class="css-2eqptn"><div class="chakra-skeleton css-p3naht"></div><div class="chakra-skeleton css-1lsgna"></div></div><div class="css-8t32m0"><div class="chakra-skeleton css-iwsmz6"></div><div class="chakra-skeleton css-13fqsnp"></div><div class="chakra-skeleton css-172iylp"></div><div class="chakra-skeleton css-13fqsnp"></div></div></div></div><div class="css-0"><div data-testid="product-tile-skeleton" class="css-1vlaaab"><div class="css-2eqptn"><div class="chakra-skeleton css-p3naht"></div><div class="chakra-skeleton css-1lsgna"></div></div><div class="css-8t32m0"><div class="chakra-skeleton css-iwsmz6"></div><div class="chakra-skeleton css-13fqsnp"></div><div class="chakra-skeleton css-172iylp"></div><div class="chakra-skeleton css-13fqsnp"></div></div></div></div><div class="css-0"><div data-testid="product-tile-skeleton" class="css-1vlaaab"><div class="css-2eqptn"><div class="chakra-skeleton css-p3naht"></div><div class="chakra-skeleton css-1lsgna"></div></div><div class="css-8t32m0"><div class="chakra-skeleton css-iwsmz6"></div><div class="chakra-skeleton css-13fqsnp"></div><div class="chakra-skeleton css-172iylp"></div><div class="chakra-skeleton css-13fqsnp"></div></div></div></div><div class="css-0"><div data-testid="product-tile-skeleton" class="css-1vlaaab"><div class="css-2eqptn"><div class="chakra-skeleton css-p3naht"></div><div class="chakra-skeleton css-1lsgna"></div></div><div class="css-8t32m0"><div class="chakra-skeleton css-iwsmz6"></div><div class="chakra-skeleton css-13fqsnp"></div><div class="chakra-skeleton css-172iylp"></div><div class="chakra-skeleton css-13fqsnp"></div></div></div></div><div class="css-0"><div data-testid="product-tile-skeleton" class="css-1vlaaab"><div class="css-2eqptn"><div class="chakra-skeleton css-p3naht"></div><div class="chakra-skeleton css-1lsgna"></div></div><div class="css-8t32m0"><div class="chakra-skeleton css-iwsmz6"></div><div class="chakra-skeleton css-13fqsnp"></div><div class="chakra-skeleton css-172iylp"></div><div class="chakra-skeleton css-13fqsnp"></div></div></div></div><div class="css-0"><div data-testid="product-tile-skeleton" class="css-1vlaaab"><div class="css-2eqptn"><div class="chakra-skeleton css-p3naht"></div><div class="chakra-skeleton css-1lsgna"></div></div><div class="css-8t32m0"><div class="chakra-skeleton css-iwsmz6"></div><div class="chakra-skeleton css-13fqsnp"></div><div class="chakra-skeleton css-172iylp"></div><div class="chakra-skeleton css-13fqsnp"></div></div></div></div></div></div></div></section><section></section><section><div class="chakra-container css-1yvva6b" data-testid="section"><div class="css-0"><div data-testid="headline-skeleton" class="css-1lekzkb"><div class="chakra-skeleton css-1owawte"></div><div class="chakra-skeleton css-5l70j4"></div></div><div class="css-k008qs"><div class="chakra-skeleton css-a9sh8e"></div></div></div><div data-testid="spotlight-skeleton" class="css-1sgy3jr"><div class="css-do86b6"><div class="chakra-skeleton css-6pcnng"></div><div class="css-6vln0l"><div class="chakra-skeleton css-uny4kg"></div><div class="chakra-skeleton css-y0q7fv"></div><div class="css-17xejub"></div><div class="chakra-skeleton css-1u38pz9"></div></div></div><div data-testid="product-grid" class="css-l77v97"><div class="css-0"><div data-testid="product-tile-skeleton" class="css-1vlaaab"><div class="css-2eqptn"><div class="chakra-skeleton css-p3naht"></div><div class="chakra-skeleton css-1lsgna"></div></div><div class="css-8t32m0"><div class="chakra-skeleton css-iwsmz6"></div><div class="chakra-skeleton css-13fqsnp"></div><div class="chakra-skeleton css-172iylp"></div><div class="chakra-skeleton css-13fqsnp"></div></div></div></div><div class="css-0"><div data-testid="product-tile-skeleton" class="css-1vlaaab"><div class="css-2eqptn"><div class="chakra-skeleton css-p3naht"></div><div class="chakra-skeleton css-1lsgna"></div></div><div class="css-8t32m0"><div class="chakra-skeleton css-iwsmz6"></div><div class="chakra-skeleton css-13fqsnp"></div><div class="chakra-skeleton css-172iylp"></div><div class="chakra-skeleton css-13fqsnp"></div></div></div></div><div class="css-0"><div data-testid="product-tile-skeleton" class="css-1vlaaab"><div class="css-2eqptn"><div class="chakra-skeleton css-p3naht"></div><div class="chakra-skeleton css-1lsgna"></div></div><div class="css-8t32m0"><div class="chakra-skeleton css-iwsmz6"></div><div class="chakra-skeleton css-13fqsnp"></div><div class="chakra-skeleton css-172iylp"></div><div class="chakra-skeleton css-13fqsnp"></div></div></div></div><div class="css-0"><div data-testid="product-tile-skeleton" class="css-1vlaaab"><div class="css-2eqptn"><div class="chakra-skeleton css-p3naht"></div><div class="chakra-skeleton css-1lsgna"></div></div><div class="css-8t32m0"><div class="chakra-skeleton css-iwsmz6"></div><div class="chakra-skeleton css-13fqsnp"></div><div class="chakra-skeleton css-172iylp"></div><div class="chakra-skeleton css-13fqsnp"></div></div></div></div><div class="css-0"><div data-testid="product-tile-skeleton" class="css-1vlaaab"><div class="css-2eqptn"><div class="chakra-skeleton css-p3naht"></div><div class="chakra-skeleton css-1lsgna"></div></div><div class="css-8t32m0"><div class="chakra-skeleton css-iwsmz6"></div><div class="chakra-skeleton css-13fqsnp"></div><div class="chakra-skeleton css-172iylp"></div><div class="chakra-skeleton css-13fqsnp"></div></div></div></div><div class="css-0"><div data-testid="product-tile-skeleton" class="css-1vlaaab"><div class="css-2eqptn"><div class="chakra-skeleton css-p3naht"></div><div class="chakra-skeleton css-1lsgna"></div></div><div class="css-8t32m0"><div class="chakra-skeleton css-iwsmz6"></div><div class="chakra-skeleton css-13fqsnp"></div><div class="chakra-skeleton css-172iylp"></div><div class="chakra-skeleton css-13fqsnp"></div></div></div></div></div></div></div></section><section><div class="chakra-container css-1yvva6b" data-testid="section"><div data-testid="hero-banner-skeleton" class="css-1mmkwav"><div class="chakra-stack css-trk8jf"><div class="chakra-skeleton css-1arcuy5"></div><div class="chakra-skeleton css-sa36xt"></div><div class="chakra-skeleton css-1vxsax6"></div><div class="chakra-skeleton css-1vxsax6"></div></div><div class="chakra-skeleton css-14o9jd7"></div></div></div></section><section><div class="chakra-container css-1yvva6b" data-testid="accordion-skeleton"><div class="css-k008qs"><div class="chakra-stack css-1e4lzu4"><div class="chakra-skeleton css-16lgzoz"></div><div class="chakra-skeleton css-1lsdn2q"></div><div class="chakra-skeleton css-1lsdn2q"></div></div></div></div></section><span id="__chakra_env" hidden=""></span></div></main></div><div class="site-layout__footer" data-auid="footer"><div class="site-footer-wrapper"><div class="site-footer-wrapper__footer"><footer class="site-footer" id="site-footer" role="contentinfo" aria-label="Footer"><div class="social-links"><a href="http://instagram.com/loblawson" aria-describedby="describe-link-opens-new-tab" target="_blank" rel="noopener noreferrer" class="social-links__link" data-track="footerSocialMediaLink" data-track-link-name="social-media-button-instagram" data-is-external-link="true"><img src="https://assets.shop.loblaws.ca/ContentMedia/lsl/icons/icon-sm-instagram.png" class="social-icon" alt="instagram"></a><a href="http://twitter.com/loblawson" aria-describedby="describe-link-opens-new-tab" target="_blank" rel="noopener noreferrer" class="social-links__link" data-track="footerSocialMediaLink" data-track-link-name="social-media-button-twitter" data-is-external-link="true"><img src="https://assets.shop.loblaws.ca/ContentMedia/lsl/icons/icon-sm-twitter.png" class="social-icon" alt="twitter"></a><a href="https://www.facebook.com/LoblawsON/" aria-describedby="describe-link-opens-new-tab" target="_blank" rel="noopener noreferrer" class="social-links__link" data-track="footerSocialMediaLink" data-track-link-name="social-media-button-facebook" data-is-external-link="true"><img src="https://assets.shop.loblaws.ca/ContentMedia/lsl/icons/icon-sm-facebook.png" class="social-icon" alt="facebook"></a></div><nav aria-label="Footer navigation"><div class="navigation-footer"><div class="navigation-footer__panel navigation-footer__panel--inactive" data-cruller="conditional-content-inactive"><span class="navigation-footer__panel__title navigation-footer__panel__title--text">About PC Express™</span><ul class="navigation-footer__panel__list"><li class="navigation-footer__panel__list__item"><a class="navigation-item navigation-item--navigation-footer" data-auid="click:all-about-pcx:faqs-link" data-track="data-track" data-track-link-name="about-pc-express™:faqs" href="/faq?icta=click:all-about-pcx:faqs">FAQs</a></li><li class="navigation-footer__panel__list__item"><a class="navigation-item navigation-item--navigation-footer" data-auid="click:all-about-pcx:pcx-online-grocery-link" data-track="data-track" data-track-link-name="about-pc-express™:how-it-works" href="/online-grocery-shopping?icta=click:all-about-pcx:pcx-online-grocery">How It Works</a></li><li class="navigation-footer__panel__list__item"><a class="navigation-item navigation-item--navigation-footer" data-auid="click:all-about-pcx:delivery -link" data-track="data-track" data-track-link-name="about-pc-express™:delivery-" href="/pcx-delivery?icta=click:all-about-pcx:delivery">Delivery </a></li><li class="navigation-footer__panel__list__item"><a class="navigation-item navigation-item--navigation-footer" data-auid="click:all-about-pcx:pickup-link" data-track="data-track" data-track-link-name="about-pc-express™:pickup" href="/online-grocery-shopping?icta=click:all-about-pcx:pickup">Pickup</a></li><li class="navigation-footer__panel__list__item"><a class="navigation-item navigation-item--navigation-footer" data-auid="click:all-about-pcx:go-green-link" data-track="data-track" data-track-link-name="about-pc-express™:reusable-box-swap" href="/gogreen?icta=click:all-about-pcx:go-green">Reusable Box Swap</a></li></ul></div><div class="navigation-footer__panel navigation-footer__panel--inactive" data-cruller="conditional-content-inactive"><span class="navigation-footer__panel__title navigation-footer__panel__title--text">Popular Categories</span><ul class="navigation-footer__panel__list"><li class="navigation-footer__panel__list__item"><a class="navigation-item navigation-item--navigation-footer" data-auid="click:shop-popular-categories:weekly-flyer-link" data-track="data-track" data-track-link-name="popular-categories:weekly-flyer" href="/deals/flyer?icta=click:shop-popular-categories:weekly-flyer">Weekly Flyer</a></li><li class="navigation-footer__panel__list__item"><a class="navigation-item navigation-item--navigation-footer" data-auid="click:shop-popular-categories:fruits-vegetables-link" data-track="data-track" data-track-link-name="popular-categories:fruits-&amp;-vegetables" href="/food/fruits-vegetables/c/28000?icta=click:shop-popular-categories:fruits-vegetables">Fruits &amp; Vegetables</a></li><li class="navigation-footer__panel__list__item"><a class="navigation-item navigation-item--navigation-footer" data-auid="click:shop-popular-categories:dairy-eggs-link" data-track="data-track" data-track-link-name="popular-categories:dairy-&amp;-eggs" href="/food/dairy-eggs/c/28003?icta=click:shop-popular-categories:dairy-eggs">Dairy &amp; Eggs</a></li><li class="navigation-footer__panel__list__item"><a class="navigation-item navigation-item--navigation-footer" data-auid="click:shop-popular-categories:pantry-link" data-track="data-track" data-track-link-name="popular-categories:pantry" href="/food/pantry/c/28006?icta=click:shop-popular-categories:pantry">Pantry</a></li><li class="navigation-footer__panel__list__item"><a class="navigation-item navigation-item--navigation-footer" data-auid="click:shop-popular-categories:meat-link" data-track="data-track" data-track-link-name="popular-categories:meat-" href="/meat/c/27998?icta=click:shop-popular-categories:meat">Meat </a></li><li class="navigation-footer__panel__list__item"><a class="navigation-item navigation-item--navigation-footer" data-auid="click:shop-popular-categories:bakery-link" data-track="data-track" data-track-link-name="popular-categories:bakery" href="/food/bakery/c/28002?icta=click:shop-popular-categories:bakery">Bakery</a></li><li class="navigation-footer__panel__list__item"><a class="navigation-item navigation-item--navigation-footer" data-auid="click:shop-popular-categories:joe-fresh-link" data-track="data-track" data-track-link-name="popular-categories:joe-fresh®" href="/joe-fresh/c/56017?icta=click:shop-popular-categories:joe-fresh">Joe Fresh®</a></li></ul></div><div class="navigation-footer__panel navigation-footer__panel--inactive" data-cruller="conditional-content-inactive"><span class="navigation-footer__panel__title navigation-footer__panel__title--text">More Services</span><ul class="navigation-footer__panel__list"><li class="navigation-footer__panel__list__item"><a class="navigation-item navigation-item--navigation-footer" data-auid="click:more-services:pcoi-link" data-track="data-track" data-track-link-name="more-services:pc-optimum-insiders™" href="/loyalty?icta=click:more-services:pcoi">PC Optimum Insiders™</a></li><li class="navigation-footer__panel__list__item"><a href="https://www.giftofchoice.ca/en/" aria-describedby="describe-link-opens-new-tab" target="_blank" rel="noopener noreferrer" class="navigation-item navigation-item--navigation-footer" data-auid="click:more-services:gift-cards-link" data-track="data-track" data-track-link-name="more-services:gift-cards" data-is-external-link="true">Gift Cards</a></li><li class="navigation-footer__panel__list__item"><a class="navigation-item navigation-item--navigation-footer" data-auid="click:more-services:pharmacy-link" data-track="data-track" data-track-link-name="more-services:pharmacy" href="/pharmacy?icta=click:more-services:pharmacy">Pharmacy</a></li><li class="navigation-footer__panel__list__item"><a href="https://www.photolab.ca/en-CA" aria-describedby="describe-link-opens-new-tab" target="_blank" rel="noopener noreferrer" class="navigation-item navigation-item--navigation-footer" data-auid="click:more-services:photo-lab-link" data-track="data-track" data-track-link-name="more-services:photo-lab" data-is-external-link="true">Photo Lab</a></li><li class="navigation-footer__panel__list__item"><a href="https://www.pcfinancial.ca/en/" aria-describedby="describe-link-opens-new-tab" target="_blank" rel="noopener noreferrer" class="navigation-item navigation-item--navigation-footer" data-auid="click:more-services:pcoi-link" data-track="data-track" data-track-link-name="more-services:pc-financial®" data-is-external-link="true">PC Financial®</a></li><li class="navigation-footer__panel__list__item"><a href="https://www.presidentschoice.ca/recipes" aria-describedby="describe-link-opens-new-tab" target="_blank" rel="noopener noreferrer" class="navigation-item navigation-item--navigation-footer" data-auid="click:more-services:recipes-link" data-track="data-track" data-track-link-name="more-services:recipes" data-is-external-link="true">Recipes</a></li></ul></div><div class="navigation-footer__panel navigation-footer__panel--inactive" data-cruller="conditional-content-inactive"><span class="navigation-footer__panel__title navigation-footer__panel__title--text">Partner with Us</span><ul class="navigation-footer__panel__list"><li class="navigation-footer__panel__list__item"><a href="https://www.loblawadvance.ca/" aria-describedby="describe-link-opens-new-tab" target="_blank" rel="noopener noreferrer" class="navigation-item navigation-item--navigation-footer" data-auid="click:partner-with-us:advertise-with-loblaw-media-link" data-track="data-track" data-track-link-name="partner-with-us:advertise-with-advance-powered-by-loblaw™" data-is-external-link="true">Advertise with Advance powered by Loblaw™</a></li></ul></div><div class="navigation-footer__panel navigation-footer__panel--inactive" data-cruller="conditional-content-inactive"><span class="navigation-footer__panel__title navigation-footer__panel__title--text">About Us</span><ul class="navigation-footer__panel__list"><li class="navigation-footer__panel__list__item"><a class="navigation-item navigation-item--navigation-footer" data-auid="click:about-us:who-we-are-link" data-track="data-track" data-track-link-name="about-us:who-we-are" href="/about?icta=click:about-us:who-we-are">Who We Are</a></li><li class="navigation-footer__panel__list__item"><a href="https://www.pcchildrenscharity.ca/" aria-describedby="describe-link-opens-new-tab" target="_blank" rel="noopener noreferrer" class="navigation-item navigation-item--navigation-footer" data-auid="click:about-us:charity-community-link" data-track="data-track" data-track-link-name="about-us:charity-&amp;-community" data-is-external-link="true">Charity &amp; Community</a></li><li class="navigation-footer__panel__list__item"><a href="https://www.loblaw.ca/en/responsibility" aria-describedby="describe-link-opens-new-tab" target="_blank" rel="noopener noreferrer" class="navigation-item navigation-item--navigation-footer" data-auid="click:about-us:corporate-social-responsibility-link" data-track="data-track" data-track-link-name="about-us:corporate-social-responsibility" data-is-external-link="true">Corporate Social Responsibility</a></li><li class="navigation-footer__panel__list__item"><a href="/our-stores?icta=click:about-us:partner-stores" aria-describedby="describe-link-opens-new-tab" target="_blank" rel="noopener noreferrer" class="navigation-item navigation-item--navigation-footer" data-auid="click:about-us:partner-stores-link" data-track="data-track" data-track-link-name="about-us:partner-stores" data-is-external-link="true">Partner stores</a></li><li class="navigation-footer__panel__list__item"><a class="navigation-item navigation-item--navigation-footer" data-auid="click:about-us:store-locator-link" data-track="data-track" data-track-link-name="about-us:store-locator" href="/store-locator?icta=click:about-us:store-locator">Store Locator</a></li><li class="navigation-footer__panel__list__item"><a class="navigation-item navigation-item--navigation-footer" data-auid="click:about-us:contact-us-link" data-track="data-track" data-track-link-name="about-us:contact-us" href="/contact-us?icta=click:about-us:contact-us">Contact Us</a></li><li class="navigation-footer__panel__list__item"><a href="https://www.loblaw.ca/en/legal/" aria-describedby="describe-link-opens-new-tab" target="_blank" rel="noopener noreferrer" class="navigation-item navigation-item--navigation-footer" data-auid="click:legal-link" data-track="data-track" data-track-link-name="about-us:legal" data-is-external-link="true">Legal</a></li><li class="navigation-footer__panel__list__item"><a href="https://www.loblaw.ca/en/life-at-loblaw" aria-describedby="describe-link-opens-new-tab" target="_blank" rel="noopener noreferrer" class="navigation-item navigation-item--navigation-footer" data-auid="click:about-us:careers-link" data-track="data-track" data-track-link-name="about-us:careers" data-is-external-link="true">Careers</a></li></ul></div></div></nav><div class="content-footer"><ul class="content-footer__list"><li class="content-footer__list__item"><a class="navigation-item navigation-item--content-footer__list__item__link" data-auid="language-toggle-link" href="/">Français</a></li><li class="content-footer__list__item"></li><li class="content-footer__list__item"><a href="https://www.loblaw.ca/en/privacy-policy" aria-describedby="describe-link-opens-new-tab" target="_blank" rel="noopener noreferrer" class="navigation-item navigation-item--content-footer__list__item__link" data-auid="privacy-policy-link" data-is-external-link="true">Privacy Policy</a></li><li class="content-footer__list__item"></li><li class="content-footer__list__item"><a href="/termsofuse?icta=click:legal:terms-of-use" aria-describedby="describe-link-opens-new-tab" target="_blank" rel="noopener noreferrer" class="navigation-item navigation-item--content-footer__list__item__link" data-auid="terms-of-use-link" data-is-external-link="true">Terms of Use*</a></li><li class="content-footer__list__item"></li><li class="content-footer__list__item"></li><li class="content-footer__list__item"></li><li class="content-footer__list__item"><a href="https://www.loblaw.ca/en/accessibility-policy/" aria-describedby="describe-link-opens-new-tab" target="_blank" rel="noopener noreferrer" class="navigation-item navigation-item--content-footer__list__item__link" data-auid="accessibility-link" data-is-external-link="true">Accessibility</a></li><li class="content-footer__list__item"></li><li class="content-footer__list__item"></li></ul><span class="copyright-formality">© Loblaws Inc. All Rights Reserved</span></div></footer></div></div></div><div class="screen-reader-elements"><div id="describe-link-opens-new-tab">Opens in new tab</div></div> <div class="aria-live" role="" aria-atomic="true"></div></div></div>
        <div id="privacy-policy"><div tabindex="0" aria-label="Loblaw Privacy Policy" aria-describedby="lds__privacy-policy" class="lds__privacy-policy lds__privacy-policy__positionBottom"><div class="lds__privacy-policy__innerWrapper"><div id="lds__privacy-policy"><p>We use cookies and other technologies to enable core functionality on our website(s) and to provide you with a personalized experience. For more information on cookies and how to manage your settings, visit the <a href="https://www.loblaw.ca/en/privacy.html" target="_blank" class="lds__privacy-policy__link">Loblaw Privacy Policy</a>.</p></div><button type="button" class="lds__privacy-policy__btnClose">close</button></div></div></div>
        <div class="ad-box" id="test-ad" style="position:fixed;top:0;left:0;" aria-hidden="true"></div>
        
        <script defer="" type="text/javascript" src="https://static.zuora.com/Resources/libs/hosted/1.3.1/zuora-min.js"></script>
        
        <script>
            window['ldBronxCDNPath'] = 'https://assets.loblaws.ca/pcx_bronx_fe_prod/builds/production/3.52.1/811df570/loblaws';
            window['ldBronxAppBundle'] = 'https://assets.loblaws.ca/pcx_bronx_fe_prod/builds/production/3.52.1/811df570/loblaws/loblaws-bundle.js';
        </script>
        <script src="/static/js/pcx_common.js" fetchpriority="high"></script>
        <script async="true" src="https://assets.loblaws.ca/pcx_bronx_fe_prod/builds/production/3.52.1/811df570/loblaws/loblaws-vendor.bundle.js" fetchpriority="high"></script>
    <noscript><img src="https://www.loblaws.ca/akam/13/pixel_4b06cd80?a=dD1hZWYxYTFlMzNhMDBhYWM0ZWVmMWMyOWI1YThkZDYwZDNmNzIxNmE2JmpzPW9mZg==" style="visibility: hidden; position: absolute; left: -999px; top: -999px;" /></noscript><script type="text/javascript" src="/6XkdBxZBi7QMSnxjAoW9/iwO1wwpiOwN9XO/TnBr/SxVGL/WMnFQEB"></script>

<div style="display: none; visibility: hidden;">
<script>!function(b,e,f,g,a,c,d){b.fbq||(a=b.fbq=function(){a.callMethod?a.callMethod.apply(a,arguments):a.queue.push(arguments)},b._fbq||(b._fbq=a),a.push=a,a.loaded=!0,a.version="2.0",a.queue=[],c=e.createElement(f),c.async=!0,c.src=g,d=e.getElementsByTagName(f)[0],d.parentNode.insertBefore(c,d))}(window,document,"script","https://connect.facebook.net/en_US/fbevents.js");fbq("init","611159122717147");fbq("init","408759993146884");fbq("track","PageView");</script>
<noscript></noscript>
</div><script type="application/javascript" src="https://api.ipify.org?format=jsonp&amp;callback=getIP" async=""></script><div><div class="rc-drawer rc-drawer-right" tabindex="-1"><div tabindex="0" aria-hidden="true" data-sentinel="start" style="width: 0px; height: 0px; overflow: hidden; outline: none; position: absolute;"></div><div class="rc-drawer-content-wrapper" style="width: 378px; display: none;"><div class="rc-drawer-content css-0" aria-modal="true" role="dialog"><div class="css-79elbk"></div></div></div><div tabindex="0" aria-hidden="true" data-sentinel="end" style="width: 0px; height: 0px; overflow: hidden; outline: none; position: absolute;"></div></div></div><div><div class="rc-drawer rc-drawer-right" tabindex="-1"><div tabindex="0" aria-hidden="true" data-sentinel="start" style="width: 0px; height: 0px; overflow: hidden; outline: none; position: absolute;"></div><div class="rc-drawer-content-wrapper" style="width: 378px; display: none;"><div class="rc-drawer-content css-0" aria-modal="true" role="dialog"><div class="css-79elbk"></div></div></div><div tabindex="0" aria-hidden="true" data-sentinel="end" style="width: 0px; height: 0px; overflow: hidden; outline: none; position: absolute;"></div></div></div><div style="display: none; visibility: hidden;">
<script>!function(b,e,f,g,a,c,d){b.fbq||(a=b.fbq=function(){a.callMethod?a.callMethod.apply(a,arguments):a.queue.push(arguments)},b._fbq||(b._fbq=a),a.push=a,a.loaded=!0,a.version="2.0",a.queue=[],c=e.createElement(f),c.async=!0,c.src=g,d=e.getElementsByTagName(f)[0],d.parentNode.insertBefore(c,d))}(window,document,"script","https://connect.facebook.net/en_US/fbevents.js");fbq("init","611159122717147");fbq("init","408759993146884");fbq("track","PageView");</script>
<noscript></noscript>
</div><script type="text/javascript" id="">var triggermail=triggermail||[];triggermail.load=function(a){var b=document.createElement("script");b.type="text/javascript";b.async=!0;b.src="https://api.bluecore.com/triggermail.js/"+a+".js";a=document.getElementsByTagName("script")[0];a.parentNode.insertBefore(b,a)};triggermail.load(google_tag_manager["rm"]["11053470"](8));window.triggermail=triggermail;</script><script type="text/javascript" id="">try{var matcher=RegExp("_spvid_id\\.[a-f0-9]+\x3d([^;]+);?"),match=document.cookie.match(matcher);match&&match[1]&&(window.__spdid=match[1].split(".")[0]);window.aamuuid="undefined";(function(a){var c="10007",d="aam_cm",b=a.createElement("script");b.type="text/javascript";b.async=!0;b.src="https://o2.ecdrsvc.com/?site\x3d"+c+"\x26page\x3d"+d;a=a.getElementsByTagName("script")[0];a.parentNode.insertBefore(b,a)})(document)}catch(a){};</script>

<script type="text/javascript" id="">window.cj||(window.cj={});cj.sitePage={enterpriseId:1564128,pageType:google_tag_manager["rm"]["11053470"](9),userId:google_tag_manager["rm"]["11053470"](10),items:google_tag_manager["rm"]["11053470"](12)};</script>
<script type="text/javascript" id="">(function(b,d,c,a){b="https://www.mczbf.com/tags/238334430579/tag.js";d=document;c="script";a=d.createElement(c);a.src=b;a.type="text/java"+c;a.async=!0;a.id="cjapitag";b=d.getElementsByTagName(c)[0];b.parentNode.insertBefore(a,b)})();</script>

 <script type="text/javascript" id="">!function(d,g,e){d.TiktokAnalyticsObject=e;var a=d[e]=d[e]||[];a.methods="page track identify instances debug on off once ready alias group enableCookie disableCookie".split(" ");a.setAndDefer=function(b,c){b[c]=function(){b.push([c].concat(Array.prototype.slice.call(arguments,0)))}};for(d=0;d<a.methods.length;d++)a.setAndDefer(a,a.methods[d]);a.instance=function(b){b=a._i[b]||[];for(var c=0;c<a.methods.length;c++)a.setAndDefer(b,a.methods[c]);return b};a.load=function(b,c){var f="https://analytics.tiktok.com/i18n/pixel/events.js";
a._i=a._i||{};a._i[b]=[];a._i[b]._u=f;a._t=a._t||{};a._t[b]=+new Date;a._o=a._o||{};a._o[b]=c||{};c=document.createElement("script");c.type="text/javascript";c.async=!0;c.src=f+"?sdkid\x3d"+b+"\x26lib\x3d"+e;b=document.getElementsByTagName("script")[0];b.parentNode.insertBefore(c,b)};a.load("C2EM3DIQV140ORDIO5L0");a.page()}(window,document,"ttq");</script><iframe allow="join-ad-interest-group" data-tagging-id="G-B9WFKJZHQ5" data-load-time="1717767940418" height="0" width="0" src="https://td.doubleclick.net/td/ga/rul?tid=G-B9WFKJZHQ5&amp;gacid=187425167.1717767940&amp;gtm=45je4650v874079997z8811053470za200zb811053470&amp;dma=0&amp;gcd=13l3l3l3l1&amp;npa=0&amp;pscdl=&amp;aip=1&amp;fledge=1&amp;frm=0&amp;z=1767903773" style="display: none; visibility: hidden;"></iframe><script type="text/javascript" id="" src="https://resources.digital-cloud.medallia.ca/wdccan/3970/onsite/embed.js"></script><script type="text/javascript" async="" src="https://resources.digital-cloud.medallia.ca/wdccan/3970/onsite/generic1715765895702.js" charset="UTF-8"></script><script type="text/javascript" id="">window.KAMPYLE_ONSITE_SDK&&"function"===typeof window.KAMPYLE_ONSITE_SDK.updatePageView&&window.KAMPYLE_ONSITE_SDK.updatePageView();</script><style title="MDigital_animationStyle"></style><div class="chakra-portal"><ul role="region" aria-live="polite" id="chakra-toast-manager-top" style="position: fixed; z-index: 5500; pointer-events: none; display: flex; flex-direction: column; margin: 0px auto; top: env(safe-area-inset-top, 0px); right: env(safe-area-inset-right, 0px); left: env(safe-area-inset-left, 0px);"></ul><ul role="region" aria-live="polite" id="chakra-toast-manager-top-left" style="position: fixed; z-index: 5500; pointer-events: none; display: flex; flex-direction: column; top: env(safe-area-inset-top, 0px); left: env(safe-area-inset-left, 0px);"></ul><ul role="region" aria-live="polite" id="chakra-toast-manager-top-right" style="position: fixed; z-index: 5500; pointer-events: none; display: flex; flex-direction: column; top: env(safe-area-inset-top, 0px); right: env(safe-area-inset-right, 0px);"></ul><ul role="region" aria-live="polite" id="chakra-toast-manager-bottom-left" style="position: fixed; z-index: 5500; pointer-events: none; display: flex; flex-direction: column; bottom: env(safe-area-inset-bottom, 0px); left: env(safe-area-inset-left, 0px);"></ul><ul role="region" aria-live="polite" id="chakra-toast-manager-bottom" style="position: fixed; z-index: 5500; pointer-events: none; display: flex; flex-direction: column; margin: 0px auto; bottom: env(safe-area-inset-bottom, 0px); right: env(safe-area-inset-right, 0px); left: env(safe-area-inset-left, 0px);"></ul><ul role="region" aria-live="polite" id="chakra-toast-manager-bottom-right" style="position: fixed; z-index: 5500; pointer-events: none; display: flex; flex-direction: column; bottom: env(safe-area-inset-bottom, 0px); right: env(safe-area-inset-right, 0px);"></ul></div><div class="chakra-portal"><ul role="region" aria-live="polite" id="chakra-toast-manager-top" style="position: fixed; z-index: 5500; pointer-events: none; display: flex; flex-direction: column; margin: 0px auto; top: env(safe-area-inset-top, 0px); right: env(safe-area-inset-right, 0px); left: env(safe-area-inset-left, 0px);"></ul><ul role="region" aria-live="polite" id="chakra-toast-manager-top-left" style="position: fixed; z-index: 5500; pointer-events: none; display: flex; flex-direction: column; top: env(safe-area-inset-top, 0px); left: env(safe-area-inset-left, 0px);"></ul><ul role="region" aria-live="polite" id="chakra-toast-manager-top-right" style="position: fixed; z-index: 5500; pointer-events: none; display: flex; flex-direction: column; top: env(safe-area-inset-top, 0px); right: env(safe-area-inset-right, 0px);"></ul><ul role="region" aria-live="polite" id="chakra-toast-manager-bottom-left" style="position: fixed; z-index: 5500; pointer-events: none; display: flex; flex-direction: column; bottom: env(safe-area-inset-bottom, 0px); left: env(safe-area-inset-left, 0px);"></ul><ul role="region" aria-live="polite" id="chakra-toast-manager-bottom" style="position: fixed; z-index: 5500; pointer-events: none; display: flex; flex-direction: column; margin: 0px auto; bottom: env(safe-area-inset-bottom, 0px); right: env(safe-area-inset-right, 0px); left: env(safe-area-inset-left, 0px);"></ul><ul role="region" aria-live="polite" id="chakra-toast-manager-bottom-right" style="position: fixed; z-index: 5500; pointer-events: none; display: flex; flex-direction: column; bottom: env(safe-area-inset-bottom, 0px); right: env(safe-area-inset-right, 0px);"></ul></div><iframe sandbox="" style="display: none;"></iframe><div id="slContainer" class="sl-container-desktop"><div class="sl-views-wrapper"><div class="sl-frame-component" style="z-index: 1;"><iframe class="sl-frame"></iframe><div class="sl-item-background-shade"></div></div><div class="sl-frame-component" style="z-index: 2;"><iframe class="sl-frame"></iframe><div class="sl-item-background-shade"></div></div><div class="sl-frame-component" style="z-index: 3;"><iframe class="sl-frame"></iframe><div class="sl-item-background-shade"></div></div></div></div></body><div style="display: none;"></div><iframe id="ce_proto_iframe" title="CrazyEgg Tracking iframe" style="display: none;"></iframe><iframe id="MyTZHzhBqJB9WTIc" style="display: none;"></iframe><div style="display: none;"></div></html>